<?xml version="1.0" encoding="UTF-8"?>
   <collection xmlns="http://www.loc.gov/MARC21/slim">
      <record>
         <leader>00000nz  a2200169   4500</leader>
         <controlfield tag="001">30002959</controlfield>
         <controlfield tag="003">RISM</controlfield>
         <controlfield tag="005">20160216</controlfield>
         <controlfield tag="008">160216n||az|||||||##########||||||||||||</controlfield>
         <datafield tag="040" ind1=" " ind2=" ">
            <subfield code="a">E-Ac</subfield>
         </datafield>
         <datafield tag="043" ind1=" " ind2=" ">
            <subfield code="c">XA-ES</subfield>
         </datafield>
         <datafield tag="110" ind1="2" ind2=" ">
            <subfield code="a">Archivo Musical de la Catedral de Ávila</subfield>
            <subfield code="c">Ávila</subfield>
            <subfield code="g">E-Ac</subfield>
         </datafield>
         <datafield tag="622" ind1=" " ind2=" ">
            <subfield code="e">Archivo Musical de la Catedral de Ávila, Av. de la Inmaculada, 17, 05001 Ávila, Spain</subfield>
            <subfield code="u">http://www.catedralavila.com/</subfield>
         </datafield>
      </record>