
      <record>
         <leader>00000nz  a2200169   4500</leader>
         <controlfield tag="001">30005455</controlfield>
         <controlfield tag="003">RISM</controlfield>
         <controlfield tag="005">20160216</controlfield>
         <controlfield tag="008">160216n||az|||||||##########||||||||||||</controlfield>
         <datafield tag="040" ind1=" " ind2=" ">
            <subfield code="a">E-Ad</subfield>
         </datafield>
         <datafield tag="043" ind1=" " ind2=" ">
            <subfield code="c">XA-ES</subfield>
         </datafield>
         <datafield tag="110" ind1="2" ind2=" ">
            <subfield code="a">Archivo Diocesano y Catedralicio de Ávila</subfield>
            <subfield code="c">Ávila</subfield>
            <subfield code="g">E-Ad</subfield>
         </datafield>
         <datafield tag="622" ind1=" " ind2=" ">
            <subfield code="e">Archivo Diocesano y Catedralicio de,  Ávila, Av. de la Inmaculada, 9, 05005 Ávila, Spain</subfield>
         </datafield>
      </record>