
      <record>
         <leader>00000nz  a2200169   4500</leader>
         <controlfield tag="001">30080160</controlfield>
         <controlfield tag="003">RISM</controlfield>
         <controlfield tag="005">20160216</controlfield>
         <controlfield tag="008">160216n||az|||||||##########||||||||||||</controlfield>
         <datafield tag="040" ind1=" " ind2=" ">
            <subfield code="a">E-AG</subfield>
         </datafield>
         <datafield tag="043" ind1=" " ind2=" ">
            <subfield code="c">ES</subfield>
         </datafield>
         <datafield tag="110" ind1="2" ind2=" ">
            <subfield code="a">Museo del Órgano Luis Galindo Bisquer</subfield>
            <subfield code="c">Agüero</subfield>
            <subfield code="g">E-AG</subfield>
         </datafield>
         <datafield tag="622" ind1=" " ind2=" ">
            <subfield code="e">Museo del Órgano Luis Galindo Bisquer, Iglesia de San Salvador, c/ San Jaime, 1, 22808 Agüero, Spain</subfield>
            <subfield code="u">http://aguero.altoaragon.org/museo.htm</subfield>
         </datafield>
      </record>