
      <record>
         <leader>00000nz  a2200169   4500</leader>
         <controlfield tag="001">30080172</controlfield>
         <controlfield tag="003">RISM</controlfield>
         <controlfield tag="005">20160216</controlfield>
         <controlfield tag="008">160216n||az|||||||##########||||||||||||</controlfield>
         <datafield tag="040" ind1=" " ind2=" ">
            <subfield code="a">E-AGU</subfield>
         </datafield>
         <datafield tag="043" ind1=" " ind2=" ">
            <subfield code="c">ES</subfield>
         </datafield>
         <datafield tag="110" ind1="2" ind2=" ">
            <subfield code="a">La Casa del Gaitero</subfield>
            <subfield code="c">Aguarón</subfield>
            <subfield code="g">E-AGU</subfield>
         </datafield>
         <datafield tag="622" ind1=" " ind2=" ">
            <subfield code="e">La Casa del Gaitero, c/ del Cura, 8, 50408 Aguarón, Spain</subfield>
         </datafield>
      </record>