
      <record>
         <leader>00000nz  a2200169   4500</leader>
         <controlfield tag="001">30006202</controlfield>
         <controlfield tag="003">RISM</controlfield>
         <controlfield tag="005">20160216</controlfield>
         <controlfield tag="008">160216n||az|||||||##########||||||||||||</controlfield>
         <datafield tag="040" ind1=" " ind2=" ">
            <subfield code="a">E-AHu</subfield>
         </datafield>
         <datafield tag="043" ind1=" " ind2=" ">
            <subfield code="c">XA-ES</subfield>
         </datafield>
         <datafield tag="110" ind1="2" ind2=" ">
            <subfield code="a">Aula de Música de La Universidad de Alcalá de Henares, Biblioteca</subfield>
            <subfield code="c">Alcalá de Henares</subfield>
            <subfield code="g">E-AHu</subfield>
         </datafield>
         <datafield tag="622" ind1=" " ind2=" ">
            <subfield code="e">Aula de Música de La Universidad de,  Alcalá de Henares, Biblioteca, c/ Colegios, 10, 28801 Alcalá de Henares, Spain</subfield>
            <subfield code="u">http://www3.uah.es/cultura/index.php/espacios-culturales/aula-de-musica</subfield>
         </datafield>
      </record>