
      <record>
         <leader>00000nz  a2200169   4500</leader>
         <controlfield tag="001">30079582</controlfield>
         <controlfield tag="003">RISM</controlfield>
         <controlfield tag="005">20160216</controlfield>
         <controlfield tag="008">160216n||az|||||||##########||||||||||||</controlfield>
         <datafield tag="040" ind1=" " ind2=" ">
            <subfield code="a">E-AJ</subfield>
         </datafield>
         <datafield tag="043" ind1=" " ind2=" ">
            <subfield code="c">ES</subfield>
         </datafield>
         <datafield tag="110" ind1="2" ind2=" ">
            <subfield code="a">Museo Jacinto Guerrero</subfield>
            <subfield code="c">Ajofrín</subfield>
            <subfield code="g">E-AJ</subfield>
         </datafield>
         <datafield tag="622" ind1=" " ind2=" ">
            <subfield code="e">Museo Jacinto Guerrero, Pza. de la Iglesia, 1, 45110 Ajofrín, Spain</subfield>
            <subfield code="u">http://www.turismocastillalamancha.es/patrimonio/museo-jacinto-guerrero-5761/visita/</subfield>
         </datafield>
      </record>