
      <record>
         <leader>00000nz  a2200169   4500</leader>
         <controlfield tag="001">30001357</controlfield>
         <controlfield tag="003">RISM</controlfield>
         <controlfield tag="005">20160216</controlfield>
         <controlfield tag="008">160216n||az|||||||##########||||||||||||</controlfield>
         <datafield tag="040" ind1=" " ind2=" ">
            <subfield code="a">E-ALB</subfield>
         </datafield>
         <datafield tag="043" ind1=" " ind2=" ">
            <subfield code="c">XA-ES</subfield>
         </datafield>
         <datafield tag="110" ind1="2" ind2=" ">
            <subfield code="a">Catedral de Albarracín, Archivo</subfield>
            <subfield code="c">Albarracín</subfield>
            <subfield code="g">E-ALB</subfield>
         </datafield>
         <datafield tag="410" ind1="2" ind2=" ">
            <subfield code="a">Archivo de la Colegiata</subfield>
         </datafield>
         <datafield tag="622" ind1=" " ind2=" ">
            <subfield code="e">Catedral de Albarracín, Archivo, Plaza de la Seo 2, 44100 Albarracín, Spain</subfield>
         </datafield>
      </record>