
      <record>
         <leader>00000nz  a2200169   4500</leader>
         <controlfield tag="001">30006236</controlfield>
         <controlfield tag="003">RISM</controlfield>
         <controlfield tag="005">20160216</controlfield>
         <controlfield tag="008">160216n||az|||||||##########||||||||||||</controlfield>
         <datafield tag="040" ind1=" " ind2=" ">
            <subfield code="a">E-ALC</subfield>
         </datafield>
         <datafield tag="043" ind1=" " ind2=" ">
            <subfield code="c">XA-ES</subfield>
         </datafield>
         <datafield tag="110" ind1="2" ind2=" ">
            <subfield code="a">Iglesia de Santa María la Mayor, Archivo</subfield>
            <subfield code="c">Alcañiz</subfield>
            <subfield code="g">E-ALC</subfield>
         </datafield>
         <datafield tag="410" ind1="2" ind2=" ">
            <subfield code="a">Antigua Colegiata, Archivo</subfield>
         </datafield>
         <datafield tag="622" ind1=" " ind2=" ">
            <subfield code="e">Iglesia de Santa María la Mayor, Archivo, Pl. de España, 10, 44600 Alcañiz, Spain</subfield>
         </datafield>
      </record>