
      <record>
         <leader>00000nz  a2200169   4500</leader>
         <controlfield tag="001">30076550</controlfield>
         <controlfield tag="003">RISM</controlfield>
         <controlfield tag="005">20160216</controlfield>
         <controlfield tag="008">160216n||az|||||||##########||||||||||||</controlfield>
         <datafield tag="040" ind1=" " ind2=" ">
            <subfield code="a">E-ALFsm</subfield>
         </datafield>
         <datafield tag="043" ind1=" " ind2=" ">
            <subfield code="c">XA-ES</subfield>
         </datafield>
         <datafield tag="110" ind1="2" ind2=" ">
            <subfield code="a">Colegiata de San Miguel, Archivo de Música</subfield>
            <subfield code="c">Alfaro (Rioja)</subfield>
            <subfield code="g">E-ALFsm</subfield>
         </datafield>
         <datafield tag="622" ind1=" " ind2=" ">
            <subfield code="e">Colegiata de San Miguel, Archivo de,  Música, Pza. de España, s/n, 26540 Alfaro (Rioja), Spain</subfield>
         </datafield>
      </record>