
      <record>
         <leader>00000nz  a2200169   4500</leader>
         <controlfield tag="001">30079631</controlfield>
         <controlfield tag="003">RISM</controlfield>
         <controlfield tag="005">20160216</controlfield>
         <controlfield tag="008">160216n||az|||||||##########||||||||||||</controlfield>
         <datafield tag="040" ind1=" " ind2=" ">
            <subfield code="a">E-ALIamc</subfield>
         </datafield>
         <datafield tag="043" ind1=" " ind2=" ">
            <subfield code="c">ES</subfield>
         </datafield>
         <datafield tag="110" ind1="2" ind2=" ">
            <subfield code="a">Archivo Musical de la Concatedral de Alicante</subfield>
            <subfield code="c">Alicante</subfield>
            <subfield code="g">E-ALIamc</subfield>
         </datafield>
         <datafield tag="622" ind1=" " ind2=" ">
            <subfield code="e">Archivo Musical de la Concatedral de,  Alicante, Edificio del Obispado, c/ Marco Oliver, 5, 03009  Alicante, Spain</subfield>
            <subfield code="u">http://concatedralalicante.com/la-musica-en-la-concatedral.html</subfield>
         </datafield>
      </record>