
      <record>
         <leader>00000nz  a2200169   4500</leader>
         <controlfield tag="001">30079632</controlfield>
         <controlfield tag="003">RISM</controlfield>
         <controlfield tag="005">20160216</controlfield>
         <controlfield tag="008">160216n||az|||||||##########||||||||||||</controlfield>
         <datafield tag="040" ind1=" " ind2=" ">
            <subfield code="a">E-ALIgm</subfield>
         </datafield>
         <datafield tag="043" ind1=" " ind2=" ">
            <subfield code="c">ES</subfield>
         </datafield>
         <datafield tag="110" ind1="2" ind2=" ">
            <subfield code="a">Centro de Investigación de Legados y Donaciones de Alicante. Biblioteca Gabriel Miró</subfield>
            <subfield code="c">Alicante</subfield>
            <subfield code="g">E-ALIgm</subfield>
         </datafield>
         <datafield tag="622" ind1=" " ind2=" ">
            <subfield code="e">Centro de Investigación de Legados y,  Donaciones de Alicante. Biblioteca,  Gabriel Miró, Av. Ramón y Cajal, 5, 03003 Alicante, Spain</subfield>
            <subfield code="u">http://www.bibliotecascajamediterraneo.es/web-slscam/index.htm</subfield>
         </datafield>
      </record>