
      <record>
         <leader>00000nz  a2200169   4500</leader>
         <controlfield tag="001">30080188</controlfield>
         <controlfield tag="003">RISM</controlfield>
         <controlfield tag="005">20160216</controlfield>
         <controlfield tag="008">160216n||az|||||||##########||||||||||||</controlfield>
         <datafield tag="040" ind1=" " ind2=" ">
            <subfield code="a">E-ALMA</subfield>
         </datafield>
         <datafield tag="043" ind1=" " ind2=" ">
            <subfield code="c">ES</subfield>
         </datafield>
         <datafield tag="110" ind1="2" ind2=" ">
            <subfield code="a">Museo Nacional del Teatro</subfield>
            <subfield code="c">Almagro</subfield>
            <subfield code="g">E-ALMA</subfield>
         </datafield>
         <datafield tag="622" ind1=" " ind2=" ">
            <subfield code="e">Museo Nacional del Teatro, c/ Gran Maestre, 2, 13270  Almagro, Spain</subfield>
            <subfield code="u">http://museoteatro.mcu.es/?lang=en</subfield>
         </datafield>
      </record>