
      <record>
         <leader>00000nz  a2200169   4500</leader>
         <controlfield tag="001">30006016</controlfield>
         <controlfield tag="003">RISM</controlfield>
         <controlfield tag="005">20160216</controlfield>
         <controlfield tag="008">160216n||az|||||||##########||||||||||||</controlfield>
         <datafield tag="040" ind1=" " ind2=" ">
            <subfield code="a">E-ALMc</subfield>
         </datafield>
         <datafield tag="043" ind1=" " ind2=" ">
            <subfield code="c">XA-ES</subfield>
         </datafield>
         <datafield tag="110" ind1="2" ind2=" ">
            <subfield code="a">Archivo Histórico Catedralicio de Almería</subfield>
            <subfield code="c">Almería</subfield>
            <subfield code="g">E-ALMc</subfield>
         </datafield>
         <datafield tag="622" ind1=" " ind2=" ">
            <subfield code="e">Archivo Histórico Catedralicio de,  Almería, Pl. de la Catedral, 04001 Almería, Spain</subfield>
         </datafield>
      </record>