
      <record>
         <leader>00000nz  a2200169   4500</leader>
         <controlfield tag="001">30079549</controlfield>
         <controlfield tag="003">RISM</controlfield>
         <controlfield tag="005">20160216</controlfield>
         <controlfield tag="008">160216n||az|||||||##########||||||||||||</controlfield>
         <datafield tag="040" ind1=" " ind2=" ">
            <subfield code="a">E-ANT</subfield>
         </datafield>
         <datafield tag="043" ind1=" " ind2=" ">
            <subfield code="c">ES</subfield>
         </datafield>
         <datafield tag="110" ind1="2" ind2=" ">
            <subfield code="a">Archivo Histórico Municipal - Archivo de la Iglesia Colegial de Antequera</subfield>
            <subfield code="c">Antequera</subfield>
            <subfield code="g">E-ANT</subfield>
         </datafield>
         <datafield tag="622" ind1=" " ind2=" ">
            <subfield code="e">Archivo Histórico Municipal - Archivo de,  la Iglesia Colegial de Antequera, c/ Cuesta de Barbacanas, 6., 29200  Antequera, Spain</subfield>
            <subfield code="u">http://goo.gl/PGsSSs</subfield>
         </datafield>
      </record>