
      <record>
         <leader>00000nz  a2200169   4500</leader>
         <controlfield tag="001">30005456</controlfield>
         <controlfield tag="003">RISM</controlfield>
         <controlfield tag="005">20160216</controlfield>
         <controlfield tag="008">160216n||az|||||||##########||||||||||||</controlfield>
         <datafield tag="040" ind1=" " ind2=" ">
            <subfield code="a">E-AR</subfield>
         </datafield>
         <datafield tag="043" ind1=" " ind2=" ">
            <subfield code="c">XA-ES</subfield>
         </datafield>
         <datafield tag="110" ind1="2" ind2=" ">
            <subfield code="a">Archivo Musical del Santuario de Arantzazu</subfield>
            <subfield code="c">Oñati</subfield>
            <subfield code="g">E-AR</subfield>
         </datafield>
         <datafield tag="410" ind1="2" ind2=" ">
            <subfield code="a">Archivo Musical Del Monasterio de Aránzazu</subfield>
         </datafield>
         <datafield tag="622" ind1=" " ind2=" ">
            <subfield code="e">Archivo Musical del Santuario de,  Arantzazu, Santuario de Arantzazu, 20560 Oñati, Spain</subfield>
         </datafield>
      </record>