
      <record>
         <leader>00000nz  a2200169   4500</leader>
         <controlfield tag="001">30003282</controlfield>
         <controlfield tag="003">RISM</controlfield>
         <controlfield tag="005">20160216</controlfield>
         <controlfield tag="008">160216n||az|||||||##########||||||||||||</controlfield>
         <datafield tag="040" ind1=" " ind2=" ">
            <subfield code="a">E-AS</subfield>
         </datafield>
         <datafield tag="043" ind1=" " ind2=" ">
            <subfield code="c">XA-ES</subfield>
         </datafield>
         <datafield tag="110" ind1="2" ind2=" ">
            <subfield code="a">Archivo Diocesano y Archivo Capitular de la Catedral de Astorga</subfield>
            <subfield code="c">Astorga</subfield>
            <subfield code="g">E-AS</subfield>
         </datafield>
         <datafield tag="410" ind1="2" ind2=" ">
            <subfield code="a">Archivo Musical de la Catedral</subfield>
         </datafield>
         <datafield tag="622" ind1=" " ind2=" ">
            <subfield code="e">Archivo Diocesano y Archivo Capitular de,  la Catedral de Astorga, Calle Doctor Mérida Pérez 1, 24700 Astorga, Spain</subfield>
            <subfield code="u">http://www.diocesisastorga.es/DIOCESIS/Archivo-Diocesano/</subfield>
         </datafield>
      </record>