
      <record>
         <leader>00000nz  a2200169   4500</leader>
         <controlfield tag="001">30079585</controlfield>
         <controlfield tag="003">RISM</controlfield>
         <controlfield tag="005">20160216</controlfield>
         <controlfield tag="008">160216n||az|||||||##########||||||||||||</controlfield>
         <datafield tag="040" ind1=" " ind2=" ">
            <subfield code="a">E-ASa</subfield>
         </datafield>
         <datafield tag="043" ind1=" " ind2=" ">
            <subfield code="c">ES</subfield>
         </datafield>
         <datafield tag="110" ind1="2" ind2=" ">
            <subfield code="a">Archivo y Biblioteca Municipal de Astorga</subfield>
            <subfield code="c">Astorga</subfield>
            <subfield code="g">E-ASa</subfield>
         </datafield>
         <datafield tag="622" ind1=" " ind2=" ">
            <subfield code="e">Archivo y Biblioteca Municipal de,  Astorga, Ayuntamiento, Plaza de España, 1, 24700 Astorga, Spain</subfield>
            <subfield code="u">http://goo.gl/cuqutA</subfield>
         </datafield>
      </record>