
      <record>
         <leader>00000nz  a2200169   4500</leader>
         <controlfield tag="001">30002960</controlfield>
         <controlfield tag="003">RISM</controlfield>
         <controlfield tag="005">20160216</controlfield>
         <controlfield tag="008">160216n||az|||||||##########||||||||||||</controlfield>
         <datafield tag="040" ind1=" " ind2=" ">
            <subfield code="a">E-Asa</subfield>
         </datafield>
         <datafield tag="043" ind1=" " ind2=" ">
            <subfield code="c">XA-ES</subfield>
         </datafield>
         <datafield tag="110" ind1="2" ind2=" ">
            <subfield code="a">Archivo - Biblioteca del Monasterio Cisterciense de Santa Ana</subfield>
            <subfield code="c">Ávila</subfield>
            <subfield code="g">E-Asa</subfield>
         </datafield>
         <datafield tag="622" ind1=" " ind2=" ">
            <subfield code="e">Archivo - Biblioteca del Monasterio,  Cisterciense de Santa Ana, Apdo. de Correos, 128, 05080 Ávila, Spain</subfield>
         </datafield>
      </record>