
      <record>
         <leader>00000nz  a2200169   4500</leader>
         <controlfield tag="001">30003281</controlfield>
         <controlfield tag="003">RISM</controlfield>
         <controlfield tag="005">20160216</controlfield>
         <controlfield tag="008">160216n||az|||||||##########||||||||||||</controlfield>
         <datafield tag="040" ind1=" " ind2=" ">
            <subfield code="a">E-Ast</subfield>
         </datafield>
         <datafield tag="043" ind1=" " ind2=" ">
            <subfield code="c">XA-ES</subfield>
         </datafield>
         <datafield tag="110" ind1="2" ind2=" ">
            <subfield code="a">Monasterio de Santo Tomás, Archivo</subfield>
            <subfield code="c">Ávila</subfield>
            <subfield code="g">E-Ast</subfield>
         </datafield>
         <datafield tag="622" ind1=" " ind2=" ">
            <subfield code="e">Monasterio de Santo Tomás, Archivo, Pl. de Granada, 1, 05003 Ávila, Spain</subfield>
            <subfield code="u">http://www.monasteriosantotomas.com/</subfield>
         </datafield>
      </record>