
      <record>
         <leader>00000nz  a2200169   4500</leader>
         <controlfield tag="001">30079660</controlfield>
         <controlfield tag="003">RISM</controlfield>
         <controlfield tag="005">20160216</controlfield>
         <controlfield tag="008">160216n||az|||||||##########||||||||||||</controlfield>
         <datafield tag="040" ind1=" " ind2=" ">
            <subfield code="a">E-AZP</subfield>
         </datafield>
         <datafield tag="043" ind1=" " ind2=" ">
            <subfield code="c">ES</subfield>
         </datafield>
         <datafield tag="110" ind1="2" ind2=" ">
            <subfield code="a">Biblioteca y Archivo Musical Nemesio Otaño. Santuario de Loiola</subfield>
            <subfield code="c">Azpeitia</subfield>
            <subfield code="g">E-AZP</subfield>
         </datafield>
         <datafield tag="622" ind1=" " ind2=" ">
            <subfield code="e">Biblioteca y Archivo Musical Nemesio,  Otaño. Santuario de Loiola, Santuario de Loiola, 20730 Azpeitia, Spain</subfield>
            <subfield code="u">http://www.santuariodeloyola.org/</subfield>
         </datafield>
      </record>