
      <record>
         <leader>00000nz  a2200169   4500</leader>
         <controlfield tag="001">30001362</controlfield>
         <controlfield tag="003">RISM</controlfield>
         <controlfield tag="005">20160216</controlfield>
         <controlfield tag="008">160216n||az|||||||##########||||||||||||</controlfield>
         <datafield tag="040" ind1=" " ind2=" ">
            <subfield code="a">E-BA</subfield>
         </datafield>
         <datafield tag="043" ind1=" " ind2=" ">
            <subfield code="c">XA-ES</subfield>
         </datafield>
         <datafield tag="110" ind1="2" ind2=" ">
            <subfield code="a">Archivos Eclesiásticos de Mérida - Badajoz</subfield>
            <subfield code="c">Badajoz</subfield>
            <subfield code="g">E-BA</subfield>
         </datafield>
         <datafield tag="410" ind1="2" ind2=" ">
            <subfield code="a">Archivo de Música de la Catedral (San Juan)</subfield>
         </datafield>
         <datafield tag="410" ind1="2" ind2=" ">
            <subfield code="a">Catedral, Archivo Capitular</subfield>
         </datafield>
         <datafield tag="622" ind1=" " ind2=" ">
            <subfield code="e">Archivos Eclesiásticos de Mérida -,  Badajoz, Catedral de Badajoz, c/ Obispo San Juan de Ribera, 13, 06002 Badajoz, Spain</subfield>
            <subfield code="u">http://archivos.meridabadajoz.es/</subfield>
         </datafield>
      </record>