
      <record>
         <leader>00000nz  a2200169   4500</leader>
         <controlfield tag="001">30003283</controlfield>
         <controlfield tag="003">RISM</controlfield>
         <controlfield tag="005">20160216</controlfield>
         <controlfield tag="008">160216n||az|||||||##########||||||||||||</controlfield>
         <datafield tag="040" ind1=" " ind2=" ">
            <subfield code="a">E-Ba</subfield>
         </datafield>
         <datafield tag="043" ind1=" " ind2=" ">
            <subfield code="c">XA-ES</subfield>
         </datafield>
         <datafield tag="110" ind1="2" ind2=" ">
            <subfield code="a">Real Academia de Ciencias y Artes, Biblioteca i Arxiu</subfield>
            <subfield code="c">Barcelona</subfield>
            <subfield code="g">E-Ba</subfield>
         </datafield>
         <datafield tag="622" ind1=" " ind2=" ">
            <subfield code="e">Real Academia de Ciencias y Artes, La Rambla, 115, 08002 Barcelona, Spain</subfield>
            <subfield code="u">http://www.racab.es/index.php</subfield>
         </datafield>
      </record>