
      <record>
         <leader>00000nz  a2200169   4500</leader>
         <controlfield tag="001">30002961</controlfield>
         <controlfield tag="003">RISM</controlfield>
         <controlfield tag="005">20160216</controlfield>
         <controlfield tag="008">160216n||az|||||||##########||||||||||||</controlfield>
         <datafield tag="040" ind1=" " ind2=" ">
            <subfield code="a">E-Bac</subfield>
         </datafield>
         <datafield tag="043" ind1=" " ind2=" ">
            <subfield code="c">XA-ES</subfield>
         </datafield>
         <datafield tag="110" ind1="2" ind2=" ">
            <subfield code="a">Arxiu de la Corona d’Aragó</subfield>
            <subfield code="c">Barcelona</subfield>
            <subfield code="g">E-Bac</subfield>
         </datafield>
         <datafield tag="410" ind1="2" ind2=" ">
            <subfield code="a">Archivo de la Corona de Aragón</subfield>
         </datafield>
         <datafield tag="410" ind1="2" ind2=" ">
            <subfield code="a">Museo Histórico de la Ciudad</subfield>
         </datafield>
         <datafield tag="622" ind1=" " ind2=" ">
            <subfield code="e">Arxiu de la Corona d’Aragó, Carrer dels Almogàvers, 77, 08018 Barcelona, Spain</subfield>
            <subfield code="u">http://ca.www.mcu.es/archivos/MC/ACA/</subfield>
         </datafield>
      </record>