
      <record>
         <leader>00000nz  a2200169   4500</leader>
         <controlfield tag="001">30077336</controlfield>
         <controlfield tag="003">RISM</controlfield>
         <controlfield tag="005">20160216</controlfield>
         <controlfield tag="008">160216n||az|||||||##########||||||||||||</controlfield>
         <datafield tag="040" ind1=" " ind2=" ">
            <subfield code="a">E-BAEc</subfield>
         </datafield>
         <datafield tag="043" ind1=" " ind2=" ">
            <subfield code="c">ES</subfield>
         </datafield>
         <datafield tag="110" ind1="2" ind2=" ">
            <subfield code="a">Archivo y Museo Catedralicio</subfield>
            <subfield code="c">Baeza</subfield>
            <subfield code="g">E-BAEc</subfield>
         </datafield>
         <datafield tag="410" ind1="2" ind2=" ">
            <subfield code="a">Catedral de la Natividad de Nuestra Señora, Archivo</subfield>
         </datafield>
         <datafield tag="622" ind1=" " ind2=" ">
            <subfield code="e">Archivo y Museo Catedralicio, Pl. de Santa María, 1, 23440 Baeza, Spain</subfield>
         </datafield>
      </record>