
      <record>
         <leader>00000nz  a2200169   4500</leader>
         <controlfield tag="001">30005458</controlfield>
         <controlfield tag="003">RISM</controlfield>
         <controlfield tag="005">20160216</controlfield>
         <controlfield tag="008">160216n||az|||||||##########||||||||||||</controlfield>
         <datafield tag="040" ind1=" " ind2=" ">
            <subfield code="a">E-BAR</subfield>
         </datafield>
         <datafield tag="043" ind1=" " ind2=" ">
            <subfield code="c">XA-ES</subfield>
         </datafield>
         <datafield tag="110" ind1="2" ind2=" ">
            <subfield code="a">Catedral de Barbastro, Archivo</subfield>
            <subfield code="c">Barbastro</subfield>
            <subfield code="g">E-BAR</subfield>
         </datafield>
         <datafield tag="622" ind1=" " ind2=" ">
            <subfield code="e">Catedral de Barbastro, Archivo, Pz. Palacio, 1, 22300 Barbastro, Spain</subfield>
            <subfield code="u">http://www.diocesisbarbastromonzon.org/</subfield>
         </datafield>
      </record>