
      <record>
         <leader>00000nz  a2200169   4500</leader>
         <controlfield tag="001">30076552</controlfield>
         <controlfield tag="003">RISM</controlfield>
         <controlfield tag="005">20160216</controlfield>
         <controlfield tag="008">160216n||az|||||||##########||||||||||||</controlfield>
         <datafield tag="040" ind1=" " ind2=" ">
            <subfield code="a">E-BAZ</subfield>
         </datafield>
         <datafield tag="043" ind1=" " ind2=" ">
            <subfield code="c">XA-ES</subfield>
         </datafield>
         <datafield tag="110" ind1="2" ind2=" ">
            <subfield code="a">Iglesia Mayor de Baza, Archivo</subfield>
            <subfield code="c">Baza</subfield>
            <subfield code="g">E-BAZ</subfield>
         </datafield>
         <datafield tag="410" ind1="2" ind2=" ">
            <subfield code="a">La Colegiata de N. S. Santa María de la Encarnación, Archivo</subfield>
         </datafield>
         <datafield tag="622" ind1=" " ind2=" ">
            <subfield code="e">Iglesia Mayor de Baza, Archivo, Plaza Mayor, 18800 Baza, Spain</subfield>
         </datafield>
      </record>