
      <record>
         <leader>00000nz  a2200169   4500</leader>
         <controlfield tag="001">30001358</controlfield>
         <controlfield tag="003">RISM</controlfield>
         <controlfield tag="005">20160216</controlfield>
         <controlfield tag="008">160216n||az|||||||##########||||||||||||</controlfield>
         <datafield tag="040" ind1=" " ind2=" ">
            <subfield code="a">E-Bbc</subfield>
         </datafield>
         <datafield tag="043" ind1=" " ind2=" ">
            <subfield code="c">XA-ES</subfield>
         </datafield>
         <datafield tag="110" ind1="2" ind2=" ">
            <subfield code="a">Biblioteca de Catalunya</subfield>
            <subfield code="c">Barcelona</subfield>
            <subfield code="g">E-Bbc</subfield>
         </datafield>
         <datafield tag="410" ind1="2" ind2=" ">
            <subfield code="a">Secció de Música. Fonoteca</subfield>
         </datafield>
         <datafield tag="622" ind1=" " ind2=" ">
            <subfield code="e">Biblioteca de Catalunya, c/ Hospital, 56, 08001 Barcelona, Spain</subfield>
            <subfield code="u">http://www.bnc.cat</subfield>
         </datafield>
      </record>