
      <record>
         <leader>00000nz  a2200169   4500</leader>
         <controlfield tag="001">30080179</controlfield>
         <controlfield tag="003">RISM</controlfield>
         <controlfield tag="005">20160216</controlfield>
         <controlfield tag="008">160216n||az|||||||##########||||||||||||</controlfield>
         <datafield tag="040" ind1=" " ind2=" ">
            <subfield code="a">E-Bbfgh</subfield>
         </datafield>
         <datafield tag="043" ind1=" " ind2=" ">
            <subfield code="c">ES</subfield>
         </datafield>
         <datafield tag="110" ind1="2" ind2=" ">
            <subfield code="a">Biblioteca de Filosofia, Geografia i Història. Universitat de Barcelona</subfield>
            <subfield code="c">Barcelona</subfield>
            <subfield code="g">E-Bbfgh</subfield>
         </datafield>
         <datafield tag="622" ind1=" " ind2=" ">
            <subfield code="e">Biblioteca de Filosofia, Geografia i,  Història. Universitat de Barcelona, c/ Montalegre, 8, 08001  Barcelona, Spain</subfield>
            <subfield code="u">http://crai.ub.edu/</subfield>
         </datafield>
      </record>