
      <record>
         <leader>00000nz  a2200169   4500</leader>
         <controlfield tag="001">30079600</controlfield>
         <controlfield tag="003">RISM</controlfield>
         <controlfield tag="005">20160216</controlfield>
         <controlfield tag="008">160216n||az|||||||##########||||||||||||</controlfield>
         <datafield tag="040" ind1=" " ind2=" ">
            <subfield code="a">E-Bbs</subfield>
         </datafield>
         <datafield tag="043" ind1=" " ind2=" ">
            <subfield code="c">ES</subfield>
         </datafield>
         <datafield tag="110" ind1="2" ind2=" ">
            <subfield code="a">Biblioteca Pública Episcopal del Seminari de Barcelona</subfield>
            <subfield code="c">Barcelona</subfield>
            <subfield code="g">E-Bbs</subfield>
         </datafield>
         <datafield tag="622" ind1=" " ind2=" ">
            <subfield code="e">Biblioteca Pública Episcopal del,  Seminari de Barcelona, c/ Diputació, 231, 08007 Barcelona, Spain</subfield>
            <subfield code="u">http://bibliotecaepiscopalbcn.org/</subfield>
         </datafield>
      </record>