
      <record>
         <leader>00000nz  a2200169   4500</leader>
         <controlfield tag="001">30002962</controlfield>
         <controlfield tag="003">RISM</controlfield>
         <controlfield tag="005">20160216</controlfield>
         <controlfield tag="008">160216n||az|||||||##########||||||||||||</controlfield>
         <datafield tag="040" ind1=" " ind2=" ">
            <subfield code="a">E-Bc</subfield>
         </datafield>
         <datafield tag="043" ind1=" " ind2=" ">
            <subfield code="c">XA-ES</subfield>
         </datafield>
         <datafield tag="110" ind1="2" ind2=" ">
            <subfield code="a">Arxiu Capitular de la Catedral Basílica de Barcelona</subfield>
            <subfield code="c">Barcelona</subfield>
            <subfield code="g">E-Bc</subfield>
         </datafield>
         <datafield tag="410" ind1="2" ind2=" ">
            <subfield code="a">La Seu</subfield>
         </datafield>
         <datafield tag="410" ind1="2" ind2=" ">
            <subfield code="a">Santa Eulalia</subfield>
         </datafield>
         <datafield tag="410" ind1="2" ind2=" ">
            <subfield code="a">Santa Cruz</subfield>
         </datafield>
         <datafield tag="622" ind1=" " ind2=" ">
            <subfield code="e">Arxiu Capitular de la Catedral Basílica,  de Barcelona, Pl. de la Seu, s/n, 08002 Barcelona, Spain</subfield>
            <subfield code="u">http://www.catedralbcn.org/</subfield>
         </datafield>
      </record>