
      <record>
         <leader>00000nz  a2200169   4500</leader>
         <controlfield tag="001">30003284</controlfield>
         <controlfield tag="003">RISM</controlfield>
         <controlfield tag="005">20160216</controlfield>
         <controlfield tag="008">160216n||az|||||||##########||||||||||||</controlfield>
         <datafield tag="040" ind1=" " ind2=" ">
            <subfield code="a">E-Bcapdevila</subfield>
         </datafield>
         <datafield tag="043" ind1=" " ind2=" ">
            <subfield code="c">XA-ES</subfield>
         </datafield>
         <datafield tag="110" ind1="2" ind2=" ">
            <subfield code="a">Felipe Capdevila Rovira, colección privada</subfield>
            <subfield code="c">Barcelona</subfield>
            <subfield code="g">E-Bcapdevila</subfield>
         </datafield>
         <datafield tag="622" ind1=" " ind2=" ">
            <subfield code="e">Felipe Capdevila Rovira, colección,  privada, Calle Rectoría 10, 08014 Barcelona, Spain</subfield>
         </datafield>
      </record>