
      <record>
         <leader>00000nz  a2200169   4500</leader>
         <controlfield tag="001">30005731</controlfield>
         <controlfield tag="003">RISM</controlfield>
         <controlfield tag="005">20160216</controlfield>
         <controlfield tag="008">160216n||az|||||||##########||||||||||||</controlfield>
         <datafield tag="040" ind1=" " ind2=" ">
            <subfield code="a">E-Bcd</subfield>
         </datafield>
         <datafield tag="043" ind1=" " ind2=" ">
            <subfield code="c">XA-ES</subfield>
         </datafield>
         <datafield tag="110" ind1="2" ind2=" ">
            <subfield code="a">Centre de Documentacio Musical de la Generalitat de Catalunya "El Jardi Dels Tarongers"</subfield>
            <subfield code="c">Barcelona</subfield>
            <subfield code="g">E-Bcd</subfield>
         </datafield>
         <datafield tag="410" ind1="2" ind2=" ">
            <subfield code="a">Centro de Documentación Musical</subfield>
         </datafield>
         <datafield tag="580" ind1=" " ind2=" ">
            <subfield code="x">E-Bbc</subfield>
            <subfield code="0">30001358</subfield>
         </datafield>
      </record>