
      <record>
         <leader>00000nz  a2200169   4500</leader>
         <controlfield tag="001">30005835</controlfield>
         <controlfield tag="003">RISM</controlfield>
         <controlfield tag="005">20160216</controlfield>
         <controlfield tag="008">160216n||az|||||||##########||||||||||||</controlfield>
         <datafield tag="040" ind1=" " ind2=" ">
            <subfield code="a">E-Bcl</subfield>
         </datafield>
         <datafield tag="043" ind1=" " ind2=" ">
            <subfield code="c">XA-ES</subfield>
         </datafield>
         <datafield tag="110" ind1="2" ind2=" ">
            <subfield code="a">Conservatori del Liceu, Biblioteca</subfield>
            <subfield code="c">Barcelona</subfield>
            <subfield code="g">E-Bcl</subfield>
         </datafield>
         <datafield tag="410" ind1="2" ind2=" ">
            <subfield code="a">Conservatorio Superior de Música del Liceo de Barcelona, Biblioteca</subfield>
         </datafield>
         <datafield tag="622" ind1=" " ind2=" ">
            <subfield code="e">Conservatori del Liceu, Biblioteca, Carrer Nou de la Rambla, 88, 08001 Barcelona, Spain</subfield>
            <subfield code="u">http://www.conservatoriliceu.es/ca/</subfield>
         </datafield>
      </record>