
      <record>
         <leader>00000nz  a2200169   4500</leader>
         <controlfield tag="001">30003285</controlfield>
         <controlfield tag="003">RISM</controlfield>
         <controlfield tag="005">20160216</controlfield>
         <controlfield tag="008">160216n||az|||||||##########||||||||||||</controlfield>
         <datafield tag="040" ind1=" " ind2=" ">
            <subfield code="a">E-Bcm</subfield>
         </datafield>
         <datafield tag="043" ind1=" " ind2=" ">
            <subfield code="c">XA-ES</subfield>
         </datafield>
         <datafield tag="110" ind1="2" ind2=" ">
            <subfield code="a">Conservatori Municipal de Música de Barcelona</subfield>
            <subfield code="c">Barcelona</subfield>
            <subfield code="g">E-Bcm</subfield>
         </datafield>
         <datafield tag="410" ind1="2" ind2=" ">
            <subfield code="a">Conservatorio Superior Municipal de Música</subfield>
         </datafield>
         <datafield tag="622" ind1=" " ind2=" ">
            <subfield code="e">Conservatori Municipal de Música de,  Barcelona, Bruc 110-112, 08009 Barcelona, Spain</subfield>
            <subfield code="u">http://www.cmmb.cat/es/</subfield>
         </datafield>
      </record>