
      <record>
         <leader>00000nz  a2200169   4500</leader>
         <controlfield tag="001">30079601</controlfield>
         <controlfield tag="003">RISM</controlfield>
         <controlfield tag="005">20160216</controlfield>
         <controlfield tag="008">160216n||az|||||||##########||||||||||||</controlfield>
         <datafield tag="040" ind1=" " ind2=" ">
            <subfield code="a">E-Bd</subfield>
         </datafield>
         <datafield tag="043" ind1=" " ind2=" ">
            <subfield code="c">ES</subfield>
         </datafield>
         <datafield tag="110" ind1="2" ind2=" ">
            <subfield code="a">Centre de Documentació de Dansa Tradicional Catalana del Esbart Català de Dansaires</subfield>
            <subfield code="c">Barcelona</subfield>
            <subfield code="g">E-Bd</subfield>
         </datafield>
         <datafield tag="622" ind1=" " ind2=" ">
            <subfield code="e">Centre de Documentació de Dansa,  Tradicional Catalana del Esbart Català,  de Dansaires, La Casa dels Entremesos, Pza. de les Beates, 2  2º, 08003 Barcelona, Spain</subfield>
            <subfield code="u">http://www.esbartcatala.org/ca</subfield>
         </datafield>
      </record>