
      <record>
         <leader>00000nz  a2200169   4500</leader>
         <controlfield tag="001">30006203</controlfield>
         <controlfield tag="003">RISM</controlfield>
         <controlfield tag="005">20160216</controlfield>
         <controlfield tag="008">160216n||az|||||||##########||||||||||||</controlfield>
         <datafield tag="040" ind1=" " ind2=" ">
            <subfield code="a">E-Bdr</subfield>
         </datafield>
         <datafield tag="043" ind1=" " ind2=" ">
            <subfield code="c">XA-ES</subfield>
         </datafield>
         <datafield tag="110" ind1="2" ind2=" ">
            <subfield code="a">Centre de Documentació de la Cultura Popular i Tradicional</subfield>
            <subfield code="c">Barcelona</subfield>
            <subfield code="g">E-Bdr</subfield>
         </datafield>
         <datafield tag="410" ind1="2" ind2=" ">
            <subfield code="a">Centre de Documentacio i Recerca de la Cultura Traditional i Popular</subfield>
         </datafield>
         <datafield tag="622" ind1=" " ind2=" ">
            <subfield code="e">Centre de Documentació de la Cultura,  Popular i Tradicional, Edifici Filmoteca, Pl. de Salvador Seguí, 1-9, 08001 Barcelona, Spain</subfield>
            <subfield code="u">http://cultura.gencat.cat/ca/departament/estructura_i_adreces/organismes/dgcpt/</subfield>
         </datafield>
      </record>