
      <record>
         <leader>00000nz  a2200169   4500</leader>
         <controlfield tag="001">30079047</controlfield>
         <controlfield tag="003">RISM</controlfield>
         <controlfield tag="005">20160216</controlfield>
         <controlfield tag="008">160216n||az|||||||##########||||||||||||</controlfield>
         <datafield tag="040" ind1=" " ind2=" ">
            <subfield code="a">E-Bep</subfield>
         </datafield>
         <datafield tag="043" ind1=" " ind2=" ">
            <subfield code="c">ES</subfield>
         </datafield>
         <datafield tag="110" ind1="2" ind2=" ">
            <subfield code="a">Arxiu Provincial de l’Escola Pia de Catalunya (APEPC)</subfield>
            <subfield code="c">Barcelona</subfield>
            <subfield code="g">E-Bep</subfield>
         </datafield>
         <datafield tag="410" ind1="2" ind2=" ">
            <subfield code="a">Archivo Provincial de la Escuela Pia de Catalunya (Escolapios)</subfield>
         </datafield>
         <datafield tag="622" ind1=" " ind2=" ">
            <subfield code="e">Arxiu Provincial de l’Escola Pia de,  Catalunya (APEPC), Ronda de Sant Pau, 80, entresol., 08001 Barcelona, Spain</subfield>
            <subfield code="u">http://www.arxiu.escolapia.cat</subfield>
         </datafield>
      </record>