
      <record>
         <leader>00000nz  a2200169   4500</leader>
         <controlfield tag="001">30079586</controlfield>
         <controlfield tag="003">RISM</controlfield>
         <controlfield tag="005">20160216</controlfield>
         <controlfield tag="008">160216n||az|||||||##########||||||||||||</controlfield>
         <datafield tag="040" ind1=" " ind2=" ">
            <subfield code="a">E-BER</subfield>
         </datafield>
         <datafield tag="043" ind1=" " ind2=" ">
            <subfield code="c">ES</subfield>
         </datafield>
         <datafield tag="110" ind1="2" ind2=" ">
            <subfield code="a">Ex-Colegiata de Berlanga de Duero</subfield>
            <subfield code="c">Berlanga de Duero</subfield>
            <subfield code="g">E-BER</subfield>
         </datafield>
         <datafield tag="622" ind1=" " ind2=" ">
            <subfield code="e">Ex-Colegiata de Berlanga de Duero, Pza. de San Andrés, s/n, 42360  Berlanga de Duero, Spain</subfield>
         </datafield>
      </record>