
      <record>
         <leader>00000nz  a2200169   4500</leader>
         <controlfield tag="001">30079599</controlfield>
         <controlfield tag="003">RISM</controlfield>
         <controlfield tag="005">20160216</controlfield>
         <controlfield tag="008">160216n||az|||||||##########||||||||||||</controlfield>
         <datafield tag="040" ind1=" " ind2=" ">
            <subfield code="a">E-Bes</subfield>
         </datafield>
         <datafield tag="043" ind1=" " ind2=" ">
            <subfield code="c">ES</subfield>
         </datafield>
         <datafield tag="110" ind1="2" ind2=" ">
            <subfield code="a">Biblioteca de l’ Escola Superior de Música de Catalunya</subfield>
            <subfield code="c">Barcelona</subfield>
            <subfield code="g">E-Bes</subfield>
         </datafield>
         <datafield tag="622" ind1=" " ind2=" ">
            <subfield code="e">Biblioteca de l’ Escola Superior de,  Música de Catalunya, Edifici L'Auditori, c/ Padilla, 155, 08013 Barcelona, Spain</subfield>
            <subfield code="u">http://www.esmuc.cat/Biblioteca</subfield>
         </datafield>
      </record>