
      <record>
         <leader>00000nz  a2200169   4500</leader>
         <controlfield tag="001">30079598</controlfield>
         <controlfield tag="003">RISM</controlfield>
         <controlfield tag="005">20160216</controlfield>
         <controlfield tag="008">160216n||az|||||||##########||||||||||||</controlfield>
         <datafield tag="040" ind1=" " ind2=" ">
            <subfield code="a">E-Bf</subfield>
         </datafield>
         <datafield tag="043" ind1=" " ind2=" ">
            <subfield code="c">ES</subfield>
         </datafield>
         <datafield tag="110" ind1="2" ind2=" ">
            <subfield code="a">Arxiu Històric dels Franciscans de Catalunya</subfield>
            <subfield code="c">Barcelona</subfield>
            <subfield code="g">E-Bf</subfield>
         </datafield>
         <datafield tag="410" ind1="2" ind2=" ">
            <subfield code="a">Archivo Histórico de los Franciscanos de Cataluña</subfield>
         </datafield>
         <datafield tag="622" ind1=" " ind2=" ">
            <subfield code="e">Arxiu Històric dels Franciscans de,  Catalunya, Santuari de Sant Antoni de Padua, c/ Santaló, 80, 08021 Barcelona, Spain</subfield>
            <subfield code="u">http://www.franciscans.cat/</subfield>
         </datafield>
      </record>