
      <record>
         <leader>00000nz  a2200169   4500</leader>
         <controlfield tag="001">30005836</controlfield>
         <controlfield tag="003">RISM</controlfield>
         <controlfield tag="005">20160216</controlfield>
         <controlfield tag="008">160216n||az|||||||##########||||||||||||</controlfield>
         <datafield tag="040" ind1=" " ind2=" ">
            <subfield code="a">E-Bfm</subfield>
         </datafield>
         <datafield tag="043" ind1=" " ind2=" ">
            <subfield code="c">XA-ES</subfield>
         </datafield>
         <datafield tag="110" ind1="2" ind2=" ">
            <subfield code="a">Fórum Musical, Biblioteca</subfield>
            <subfield code="c">Barcelona</subfield>
            <subfield code="g">E-Bfm</subfield>
         </datafield>
         <datafield tag="622" ind1=" " ind2=" ">
            <subfield code="e">Fórum Musical, Biblioteca, Calle Amadeo Vives 3, 08003 Barcelona, Spain</subfield>
         </datafield>
      </record>