
      <record>
         <leader>00000nz  a2200169   4500</leader>
         <controlfield tag="001">30079662</controlfield>
         <controlfield tag="003">RISM</controlfield>
         <controlfield tag="005">20160216</controlfield>
         <controlfield tag="008">160216n||az|||||||##########||||||||||||</controlfield>
         <datafield tag="040" ind1=" " ind2=" ">
            <subfield code="a">E-BIbi</subfield>
         </datafield>
         <datafield tag="043" ind1=" " ind2=" ">
            <subfield code="c">ES</subfield>
         </datafield>
         <datafield tag="110" ind1="2" ind2=" ">
            <subfield code="a">Biblioteca Central de Bidebarrieta</subfield>
            <subfield code="c">Bilbao</subfield>
            <subfield code="g">E-BIbi</subfield>
         </datafield>
         <datafield tag="622" ind1=" " ind2=" ">
            <subfield code="e">Biblioteca Central de Bidebarrieta, c/ Bidebarrieta, 4, 48005 Bilbao, Spain</subfield>
            <subfield code="u">http://goo.gl/nMDkfv</subfield>
         </datafield>
      </record>