
      <record>
         <leader>00000nz  a2200169   4500</leader>
         <controlfield tag="001">30003286</controlfield>
         <controlfield tag="003">RISM</controlfield>
         <controlfield tag="005">20160216</controlfield>
         <controlfield tag="008">160216n||az|||||||##########||||||||||||</controlfield>
         <datafield tag="040" ind1=" " ind2=" ">
            <subfield code="a">E-Bih</subfield>
         </datafield>
         <datafield tag="043" ind1=" " ind2=" ">
            <subfield code="c">XA-ES</subfield>
         </datafield>
         <datafield tag="110" ind1="2" ind2=" ">
            <subfield code="a">Arxiu Històric de la Ciutat de Barcelona</subfield>
            <subfield code="c">Barcelona</subfield>
            <subfield code="g">E-Bih</subfield>
         </datafield>
         <datafield tag="410" ind1="2" ind2=" ">
            <subfield code="a">Archivo Historico de la Ciudad</subfield>
         </datafield>
         <datafield tag="622" ind1=" " ind2=" ">
            <subfield code="e">Arxiu Històric de la Ciutat de Barcelona, Casa de l'Ardiaca, c/ Santa Llúcia, 1 bajos, 08002 Barcelona, Spain</subfield>
            <subfield code="u">http://w110.bcn.cat/portal/site/ArxiuHistoric</subfield>
         </datafield>
      </record>