
      <record>
         <leader>00000nz  a2200169   4500</leader>
         <controlfield tag="001">30001359</controlfield>
         <controlfield tag="003">RISM</controlfield>
         <controlfield tag="005">20160216</controlfield>
         <controlfield tag="008">160216n||az|||||||##########||||||||||||</controlfield>
         <datafield tag="040" ind1=" " ind2=" ">
            <subfield code="a">E-Bim</subfield>
         </datafield>
         <datafield tag="043" ind1=" " ind2=" ">
            <subfield code="c">XA-ES</subfield>
         </datafield>
         <datafield tag="110" ind1="2" ind2=" ">
            <subfield code="a">Institución Milá y Fontanals</subfield>
            <subfield code="c">Barcelona</subfield>
            <subfield code="g">E-Bim</subfield>
         </datafield>
         <datafield tag="410" ind1="2" ind2=" ">
            <subfield code="a">Consejo Superior de Investigaciones Científicas (CSIC) en Cataluña</subfield>
         </datafield>
         <datafield tag="622" ind1=" " ind2=" ">
            <subfield code="e">Institución Milá y Fontanals, c/ Egipcíaques, 15 3º, 08001 Barcelona, Spain</subfield>
            <subfield code="u">http://www.imf.csic.es/imf/</subfield>
         </datafield>
      </record>