
      <record>
         <leader>00000nz  a2200169   4500</leader>
         <controlfield tag="001">30005459</controlfield>
         <controlfield tag="003">RISM</controlfield>
         <controlfield tag="005">20160216</controlfield>
         <controlfield tag="008">160216n||az|||||||##########||||||||||||</controlfield>
         <datafield tag="040" ind1=" " ind2=" ">
            <subfield code="a">E-Bir</subfield>
         </datafield>
         <datafield tag="043" ind1=" " ind2=" ">
            <subfield code="c">XA-ES</subfield>
         </datafield>
         <datafield tag="110" ind1="2" ind2=" ">
            <subfield code="a">Institut de Documentació i d’Investigació Musicològiques "Josep Ricart i Matas"</subfield>
            <subfield code="c">Barcelona</subfield>
            <subfield code="g">E-Bir</subfield>
         </datafield>
         <datafield tag="410" ind1="2" ind2=" ">
            <subfield code="a">Instituto de Investigación Musicológica "Josep Ricart i Matas" de la Universidad Autónoma de Barcelona</subfield>
         </datafield>
         <datafield tag="622" ind1=" " ind2=" ">
            <subfield code="e">Institut de Documentació i,  d’Investigació Musicològiques "Josep,  Ricart i Matas", Av. República Argentina, 1 1º, 08023 Barcelona, Spain</subfield>
            <subfield code="u">https://sites.google.com/site/imricartimatas/imricartimatas</subfield>
         </datafield>
      </record>