
      <record>
         <leader>00000nz  a2200169   4500</leader>
         <controlfield tag="001">30079663</controlfield>
         <controlfield tag="003">RISM</controlfield>
         <controlfield tag="005">20160216</controlfield>
         <controlfield tag="008">160216n||az|||||||##########||||||||||||</controlfield>
         <datafield tag="040" ind1=" " ind2=" ">
            <subfield code="a">E-BIrav</subfield>
         </datafield>
         <datafield tag="043" ind1=" " ind2=" ">
            <subfield code="c">ES</subfield>
         </datafield>
         <datafield tag="110" ind1="2" ind2=" ">
            <subfield code="a">Euskaltzaindia, Azkue Biblioteka / Real Academia de la Lengua Vasca, Biblioteca Azkue</subfield>
            <subfield code="c">Bilbao</subfield>
            <subfield code="g">E-BIrav</subfield>
         </datafield>
         <datafield tag="622" ind1=" " ind2=" ">
            <subfield code="e">Euskaltzaindia, Azkue Biblioteka / Real,  Academia de la Lengua Vasca, Biblioteca,  Azkue, Pza. Barria, 15, 48005 Bilbao, Spain</subfield>
            <subfield code="u">http://goo.gl/OgPL7g</subfield>
         </datafield>
      </record>