
      <record>
         <leader>00000nz  a2200169   4500</leader>
         <controlfield tag="001">30079605</controlfield>
         <controlfield tag="003">RISM</controlfield>
         <controlfield tag="005">20160216</controlfield>
         <controlfield tag="008">160216n||az|||||||##########||||||||||||</controlfield>
         <datafield tag="040" ind1=" " ind2=" ">
            <subfield code="a">E-BIS</subfield>
         </datafield>
         <datafield tag="043" ind1=" " ind2=" ">
            <subfield code="c">ES</subfield>
         </datafield>
         <datafield tag="110" ind1="2" ind2=" ">
            <subfield code="a">Arxiu Comarcal del Baix Empordà</subfield>
            <subfield code="c">La Bisbal d'Empordà</subfield>
            <subfield code="g">E-BIS</subfield>
         </datafield>
         <datafield tag="622" ind1=" " ind2=" ">
            <subfield code="e">Arxiu Comarcal del Baix Empordà, c/ del Teatre Vell, 8, 17100 La Bisbal d'Empordà, Spain</subfield>
         </datafield>
      </record>