
      <record>
         <leader>00000nz  a2200169   4500</leader>
         <controlfield tag="001">30003287</controlfield>
         <controlfield tag="003">RISM</controlfield>
         <controlfield tag="005">20160216</controlfield>
         <controlfield tag="008">160216n||az|||||||##########||||||||||||</controlfield>
         <datafield tag="040" ind1=" " ind2=" ">
            <subfield code="a">E-Bit</subfield>
         </datafield>
         <datafield tag="043" ind1=" " ind2=" ">
            <subfield code="c">XA-ES</subfield>
         </datafield>
         <datafield tag="110" ind1="2" ind2=" ">
            <subfield code="a">Centre de Documentació i Museu de les Arts Escèniques (MAE) - Institut del Teatre</subfield>
            <subfield code="c">Barcelona</subfield>
            <subfield code="g">E-Bit</subfield>
         </datafield>
         <datafield tag="410" ind1="2" ind2=" ">
            <subfield code="a">Instituto del Teatro, Biblioteca-Museo</subfield>
         </datafield>
         <datafield tag="410" ind1="2" ind2=" ">
            <subfield code="a">Museo del Arte Escénico</subfield>
         </datafield>
         <datafield tag="622" ind1=" " ind2=" ">
            <subfield code="e">Centre de Documentació i Museu de les,  Arts Escèniques (MAE) - Institut del,  Teatre, Pza. Margarida Xirgu, s/n, 08004 Barcelona, Spain</subfield>
            <subfield code="u">http://www.cdmae.cat/</subfield>
         </datafield>
      </record>