
      <record>
         <leader>00000nz  a2200169   4500</leader>
         <controlfield tag="001">30005460</controlfield>
         <controlfield tag="003">RISM</controlfield>
         <controlfield tag="005">20160216</controlfield>
         <controlfield tag="008">160216n||az|||||||##########||||||||||||</controlfield>
         <datafield tag="040" ind1=" " ind2=" ">
            <subfield code="a">E-Bmi</subfield>
         </datafield>
         <datafield tag="043" ind1=" " ind2=" ">
            <subfield code="c">XA-ES</subfield>
         </datafield>
         <datafield tag="110" ind1="2" ind2=" ">
            <subfield code="a">Museu de la Música</subfield>
            <subfield code="c">Barcelona</subfield>
            <subfield code="g">E-Bmi</subfield>
         </datafield>
         <datafield tag="410" ind1="2" ind2=" ">
            <subfield code="a">Museo de Instrumentos Musicales</subfield>
         </datafield>
         <datafield tag="622" ind1=" " ind2=" ">
            <subfield code="e">Museu de la Música, L'Auditori, c/ Lepant, 150, 08013 Barcelona, Spain</subfield>
            <subfield code="u">http://w110.bcn.cat/portal/site/MuseuDeLaMusica</subfield>
         </datafield>
      </record>