
      <record>
         <leader>00000nz  a2200169   4500</leader>
         <controlfield tag="001">30079633</controlfield>
         <controlfield tag="003">RISM</controlfield>
         <controlfield tag="005">20160216</controlfield>
         <controlfield tag="008">160216n||az|||||||##########||||||||||||</controlfield>
         <datafield tag="040" ind1=" " ind2=" ">
            <subfield code="a">E-BNS</subfield>
         </datafield>
         <datafield tag="043" ind1=" " ind2=" ">
            <subfield code="c">ES</subfield>
         </datafield>
         <datafield tag="110" ind1="2" ind2=" ">
            <subfield code="a">Parroquia de Benissa. Archivo</subfield>
            <subfield code="c">Benissa</subfield>
            <subfield code="g">E-BNS</subfield>
         </datafield>
         <datafield tag="622" ind1=" " ind2=" ">
            <subfield code="e">Parroquia de Benissa. Archivo, Pza. Dolores Piera, 1, 03720 Benissa, Spain</subfield>
            <subfield code="u">http://parroquiabenissa.org/</subfield>
         </datafield>
      </record>