
      <record>
         <leader>00000nz  a2200169   4500</leader>
         <controlfield tag="001">30001360</controlfield>
         <controlfield tag="003">RISM</controlfield>
         <controlfield tag="005">20160216</controlfield>
         <controlfield tag="008">160216n||az|||||||##########||||||||||||</controlfield>
         <datafield tag="040" ind1=" " ind2=" ">
            <subfield code="a">E-Boc</subfield>
         </datafield>
         <datafield tag="043" ind1=" " ind2=" ">
            <subfield code="c">XA-ES</subfield>
         </datafield>
         <datafield tag="110" ind1="2" ind2=" ">
            <subfield code="a">Centre de Documentació de l’Orfeó Català</subfield>
            <subfield code="c">Barcelona</subfield>
            <subfield code="g">E-Boc</subfield>
         </datafield>
         <datafield tag="410" ind1="2" ind2=" ">
            <subfield code="a">Centro de Documentación del Orfeó Català</subfield>
         </datafield>
         <datafield tag="410" ind1="2" ind2=" ">
            <subfield code="a">Biblioteca Orfeó Catalá</subfield>
         </datafield>
         <datafield tag="622" ind1=" " ind2=" ">
            <subfield code="e">Centre de Documentació de l’Orfeó Català, Palau de la Música, 4-6, 08003 Barcelona, Spain</subfield>
            <subfield code="u">http://www.orfeocatala.cat</subfield>
         </datafield>
      </record>