
      <record>
         <leader>00000nz  a2200169   4500</leader>
         <controlfield tag="001">30006205</controlfield>
         <controlfield tag="003">RISM</controlfield>
         <controlfield tag="005">20160216</controlfield>
         <controlfield tag="008">160216n||az|||||||##########||||||||||||</controlfield>
         <datafield tag="040" ind1=" " ind2=" ">
            <subfield code="a">E-BORam</subfield>
         </datafield>
         <datafield tag="043" ind1=" " ind2=" ">
            <subfield code="c">XA-ES</subfield>
         </datafield>
         <datafield tag="110" ind1="2" ind2=" ">
            <subfield code="a">Archivo Aragonés de Música Coral</subfield>
            <subfield code="c">Borja</subfield>
            <subfield code="g">E-BORam</subfield>
         </datafield>
         <datafield tag="622" ind1=" " ind2=" ">
            <subfield code="e">Archivo Aragonés de Música Coral, Casa de Cultura, Plaza del Mercado, 50540 Borja, Spain</subfield>
            <subfield code="u">http://www.borja.es/cultura/archivo-aragon%C3%A9s-de-m%C3%BAsica-coral.html</subfield>
         </datafield>
      </record>