
      <record>
         <leader>00000nz  a2200169   4500</leader>
         <controlfield tag="001">30005484</controlfield>
         <controlfield tag="003">RISM</controlfield>
         <controlfield tag="005">20160216</controlfield>
         <controlfield tag="008">160216n||az|||||||##########||||||||||||</controlfield>
         <datafield tag="040" ind1=" " ind2=" ">
            <subfield code="a">E-Bp</subfield>
         </datafield>
         <datafield tag="043" ind1=" " ind2=" ">
            <subfield code="c">XA-ES</subfield>
         </datafield>
         <datafield tag="110" ind1="2" ind2=" ">
            <subfield code="a">Arxiu històric de la Basílica de Santa Maria del Pi</subfield>
            <subfield code="c">Barcelona</subfield>
            <subfield code="g">E-Bp</subfield>
         </datafield>
         <datafield tag="410" ind1="2" ind2=" ">
            <subfield code="a">Archivo histórico de la Basílica de Santa Maria del Pi</subfield>
         </datafield>
         <datafield tag="622" ind1=" " ind2=" ">
            <subfield code="e">Arxiu històric de la Basílica de Santa,  Maria del Pi, Pl. del Pi, 7, 08002 Barcelona, Spain</subfield>
            <subfield code="u">http://www.apsmp.cat/</subfield>
         </datafield>
      </record>