
      <record>
         <leader>00000nz  a2200169   4500</leader>
         <controlfield tag="001">30076553</controlfield>
         <controlfield tag="003">RISM</controlfield>
         <controlfield tag="005">20160216</controlfield>
         <controlfield tag="008">160216n||az|||||||##########||||||||||||</controlfield>
         <datafield tag="040" ind1=" " ind2=" ">
            <subfield code="a">E-BRI</subfield>
         </datafield>
         <datafield tag="043" ind1=" " ind2=" ">
            <subfield code="c">XA-ES</subfield>
         </datafield>
         <datafield tag="110" ind1="2" ind2=" ">
            <subfield code="a">Iglesia de Nuestra Señora de la Asunción de Briones</subfield>
            <subfield code="c">Briones</subfield>
            <subfield code="g">E-BRI</subfield>
         </datafield>
         <datafield tag="410" ind1="2" ind2=" ">
            <subfield code="a">Parroquia de la Asunción, Archivo Musical</subfield>
         </datafield>
         <datafield tag="622" ind1=" " ind2=" ">
            <subfield code="e">Iglesia de Nuestra Señora de la Asunción,  de Brione, Pza. Mayor s/n, 26330 Briones, Spain</subfield>
         </datafield>
      </record>