
      <record>
         <leader>00000nz  a2200169   4500</leader>
         <controlfield tag="001">30006110</controlfield>
         <controlfield tag="003">RISM</controlfield>
         <controlfield tag="005">20160216</controlfield>
         <controlfield tag="008">160216n||az|||||||##########||||||||||||</controlfield>
         <datafield tag="040" ind1=" " ind2=" ">
            <subfield code="a">E-Bs</subfield>
         </datafield>
         <datafield tag="043" ind1=" " ind2=" ">
            <subfield code="c">XA-ES</subfield>
         </datafield>
         <datafield tag="110" ind1="2" ind2=" ">
            <subfield code="a">Caputxins de Sarrià, Arxiu</subfield>
            <subfield code="c">Barcelona</subfield>
            <subfield code="g">E-Bs</subfield>
         </datafield>
         <datafield tag="410" ind1="2" ind2=" ">
            <subfield code="a">Arxiu Provincial dels Caputxins (Sarrià)</subfield>
         </datafield>
         <datafield tag="410" ind1="2" ind2=" ">
            <subfield code="a">Monasterio de los Frailes Capuchinos de Sarrià. Archivo</subfield>
         </datafield>
         <datafield tag="622" ind1=" " ind2=" ">
            <subfield code="e">Caputxins de Sarrià, Arxiu, c/ Cardenal Vives i Tutó, 2-16, 08034 Barcelona, Spain</subfield>
            <subfield code="u">http://www.caputxins.cat/fraternitats/sarria/index.htm</subfield>
         </datafield>
      </record>