
      <record>
         <leader>00000nz  a2200169   4500</leader>
         <controlfield tag="001">30005461</controlfield>
         <controlfield tag="003">RISM</controlfield>
         <controlfield tag="005">20160216</controlfield>
         <controlfield tag="008">160216n||az|||||||##########||||||||||||</controlfield>
         <datafield tag="040" ind1=" " ind2=" ">
            <subfield code="a">E-Bsa</subfield>
         </datafield>
         <datafield tag="043" ind1=" " ind2=" ">
            <subfield code="c">XA-ES</subfield>
         </datafield>
         <datafield tag="110" ind1="2" ind2=" ">
            <subfield code="a">Societat General d’Autors i Editors (SGAE). Centre de Documentació i Arxiu</subfield>
            <subfield code="c">Barcelona</subfield>
            <subfield code="g">E-Bsa</subfield>
         </datafield>
         <datafield tag="410" ind1="2" ind2=" ">
            <subfield code="a">Sociedad de Autores</subfield>
         </datafield>
         <datafield tag="622" ind1=" " ind2=" ">
            <subfield code="e">Societat General d’Autors i Editors,  (SGAE). Centre de Documentació i Arxiu, Passeig de Colom, 6, 08002 Barcelona, Spain</subfield>
            <subfield code="u">http://www.sgae.cat/</subfield>
         </datafield>
      </record>