
      <record>
         <leader>00000nz  a2200169   4500</leader>
         <controlfield tag="001">30003288</controlfield>
         <controlfield tag="003">RISM</controlfield>
         <controlfield tag="005">20160216</controlfield>
         <controlfield tag="008">160216n||az|||||||##########||||||||||||</controlfield>
         <datafield tag="040" ind1=" " ind2=" ">
            <subfield code="a">E-Bsm</subfield>
         </datafield>
         <datafield tag="043" ind1=" " ind2=" ">
            <subfield code="c">XA-ES</subfield>
         </datafield>
         <datafield tag="110" ind1="2" ind2=" ">
            <subfield code="a">Basílica de Santa María del Mar, Archivo Musical</subfield>
            <subfield code="c">Barcelona</subfield>
            <subfield code="g">E-Bsm</subfield>
         </datafield>
         <datafield tag="410" ind1="2" ind2=" ">
            <subfield code="a">Parroquial Basílica</subfield>
         </datafield>
         <datafield tag="410" ind1="2" ind2=" ">
            <subfield code="a">Catedral de Llevant</subfield>
         </datafield>
         <datafield tag="622" ind1=" " ind2=" ">
            <subfield code="e">Basílica de Santa María del Mar, Archivo,  Musical, Plaza Santa María, 08003 Barcelona, Spain</subfield>
         </datafield>
      </record>