
      <record>
         <leader>00000nz  a2200169   4500</leader>
         <controlfield tag="001">30070410</controlfield>
         <controlfield tag="003">RISM</controlfield>
         <controlfield tag="005">20160216</controlfield>
         <controlfield tag="008">160216n||az|||||||##########||||||||||||</controlfield>
         <datafield tag="040" ind1=" " ind2=" ">
            <subfield code="a">E-Bsp</subfield>
         </datafield>
         <datafield tag="043" ind1=" " ind2=" ">
            <subfield code="c">XA-ES</subfield>
         </datafield>
         <datafield tag="110" ind1="2" ind2=" ">
            <subfield code="a">Arxiu del Monestir de Sant Pere de les Puel•les (AMSPP)</subfield>
            <subfield code="c">Barcelona</subfield>
            <subfield code="g">E-Bsp</subfield>
         </datafield>
         <datafield tag="622" ind1=" " ind2=" ">
            <subfield code="e">Arxiu del Monestir de Sant Pere de les,  Puel•les (AMSPP), Carrer de Lluís el Piadós, 1, 08003 Barcelona, Spain</subfield>
            <subfield code="u">http://www.benedictinescat.com/StPere/cat/arxiu.htm</subfield>
         </datafield>
      </record>