
      <record>
         <leader>00000nz  a2200169   4500</leader>
         <controlfield tag="001">30079597</controlfield>
         <controlfield tag="003">RISM</controlfield>
         <controlfield tag="005">20160216</controlfield>
         <controlfield tag="008">160216n||az|||||||##########||||||||||||</controlfield>
         <datafield tag="040" ind1=" " ind2=" ">
            <subfield code="a">E-Btl</subfield>
         </datafield>
         <datafield tag="043" ind1=" " ind2=" ">
            <subfield code="c">ES</subfield>
         </datafield>
         <datafield tag="110" ind1="2" ind2=" ">
            <subfield code="a">Arxiu històric de la Societat del Gran Teatre del Liceu</subfield>
            <subfield code="c">Barcelona</subfield>
            <subfield code="g">E-Btl</subfield>
         </datafield>
         <datafield tag="410" ind1="2" ind2=" ">
            <subfield code="a">Archivo histórico de la Sociedad del Gran Teatro del Liceo</subfield>
         </datafield>
         <datafield tag="622" ind1=" " ind2=" ">
            <subfield code="e">Arxiu històric de la Societat del Gran,  Teatre del Liceu, c/ San Pau, 1 bis, 08001 Barcelona, Spain</subfield>
            <subfield code="u">http://www.societatliceu.com/</subfield>
         </datafield>
      </record>