
      <record>
         <leader>00000nz  a2200169   4500</leader>
         <controlfield tag="001">30001361</controlfield>
         <controlfield tag="003">RISM</controlfield>
         <controlfield tag="005">20160216</controlfield>
         <controlfield tag="008">160216n||az|||||||##########||||||||||||</controlfield>
         <datafield tag="040" ind1=" " ind2=" ">
            <subfield code="a">E-Bu</subfield>
         </datafield>
         <datafield tag="043" ind1=" " ind2=" ">
            <subfield code="c">XA-ES</subfield>
         </datafield>
         <datafield tag="110" ind1="2" ind2=" ">
            <subfield code="a">Biblioteca de la Universitat de Barcelona</subfield>
            <subfield code="c">Barcelona</subfield>
            <subfield code="g">E-Bu</subfield>
         </datafield>
         <datafield tag="410" ind1="2" ind2=" ">
            <subfield code="a">Universidad Central de Barcelona, Biblioteca</subfield>
         </datafield>
         <datafield tag="622" ind1=" " ind2=" ">
            <subfield code="e">Biblioteca de la Universitat de,  Barcelona, Gran via de les Corts Catalanes, 585, 08007 Barcelona, Spain</subfield>
            <subfield code="u">http://crai.ub.edu/es/</subfield>
         </datafield>
      </record>