
      <record>
         <leader>00000nz  a2200169   4500</leader>
         <controlfield tag="001">30001363</controlfield>
         <controlfield tag="003">RISM</controlfield>
         <controlfield tag="005">20160216</controlfield>
         <controlfield tag="008">160216n||az|||||||##########||||||||||||</controlfield>
         <datafield tag="040" ind1=" " ind2=" ">
            <subfield code="a">E-BUa</subfield>
         </datafield>
         <datafield tag="043" ind1=" " ind2=" ">
            <subfield code="c">XA-ES</subfield>
         </datafield>
         <datafield tag="110" ind1="2" ind2=" ">
            <subfield code="a">Archivo y Biblioteca Capitular de la Catedral de Burgos</subfield>
            <subfield code="c">Burgos</subfield>
            <subfield code="g">E-BUa</subfield>
         </datafield>
         <datafield tag="622" ind1=" " ind2=" ">
            <subfield code="e">Archivo y Biblioteca Capitular de la,  Catedral de Burgos, Pl. Santa María, s/n, 09003  Burgos, Spain</subfield>
            <subfield code="u">http://www.catedraldeburgos.es/</subfield>
         </datafield>
      </record>