
      <record>
         <leader>00000nz  a2200169   4500</leader>
         <controlfield tag="001">30002979</controlfield>
         <controlfield tag="003">RISM</controlfield>
         <controlfield tag="005">20160216</controlfield>
         <controlfield tag="008">160216n||az|||||||##########||||||||||||</controlfield>
         <datafield tag="040" ind1=" " ind2=" ">
            <subfield code="a">E-BUlh</subfield>
         </datafield>
         <datafield tag="043" ind1=" " ind2=" ">
            <subfield code="c">XA-ES</subfield>
         </datafield>
         <datafield tag="110" ind1="2" ind2=" ">
            <subfield code="a">Monasterio de Santa María la Real de las Huelgas</subfield>
            <subfield code="c">Burgos</subfield>
            <subfield code="g">E-BUlh</subfield>
         </datafield>
         <datafield tag="622" ind1=" " ind2=" ">
            <subfield code="e">Monasterio de Santa María la Real de las,  Huelgas, c/ Compases de Huelgas, s/n, 09001 Burgos, Spain</subfield>
            <subfield code="u">http://www.patrimonionacional.es/</subfield>
         </datafield>
      </record>