
      <record>
         <leader>00000nz  a2200169   4500</leader>
         <controlfield tag="001">30001364</controlfield>
         <controlfield tag="003">RISM</controlfield>
         <controlfield tag="005">20160216</controlfield>
         <controlfield tag="008">160216n||az|||||||##########||||||||||||</controlfield>
         <datafield tag="040" ind1=" " ind2=" ">
            <subfield code="a">E-BUm</subfield>
         </datafield>
         <datafield tag="043" ind1=" " ind2=" ">
            <subfield code="c">XA-ES</subfield>
         </datafield>
         <datafield tag="110" ind1="2" ind2=" ">
            <subfield code="a">Museo de Burgos</subfield>
            <subfield code="c">Burgos</subfield>
            <subfield code="g">E-BUm</subfield>
         </datafield>
         <datafield tag="410" ind1="2" ind2=" ">
            <subfield code="a">Museo Arqueológico de Burgos</subfield>
         </datafield>
         <datafield tag="622" ind1=" " ind2=" ">
            <subfield code="e">Museo de Burgos, C/ Miranda, 13, 09002 Burgos, Spain</subfield>
            <subfield code="u">http://www.museodeburgos.com/</subfield>
         </datafield>
      </record>