
      <record>
         <leader>00000nz  a2200169   4500</leader>
         <controlfield tag="001">30006189</controlfield>
         <controlfield tag="003">RISM</controlfield>
         <controlfield tag="005">20160216</controlfield>
         <controlfield tag="008">160216n||az|||||||##########||||||||||||</controlfield>
         <datafield tag="040" ind1=" " ind2=" ">
            <subfield code="a">E-BURa</subfield>
         </datafield>
         <datafield tag="043" ind1=" " ind2=" ">
            <subfield code="c">XA-ES</subfield>
         </datafield>
         <datafield tag="110" ind1="2" ind2=" ">
            <subfield code="a">Parroquia de Nuestra Señora de la Merced, Archivo</subfield>
            <subfield code="c">Burriana</subfield>
            <subfield code="g">E-BURa</subfield>
         </datafield>
         <datafield tag="622" ind1=" " ind2=" ">
            <subfield code="e">Parroquia de Nuestra Señora de la,  Merced, Archivo, Pl. de la Merced, s/n, 12530 Burriana, Spain</subfield>
            <subfield code="u">http://www.nsmerced.com/</subfield>
         </datafield>
      </record>