
      <record>
         <leader>00000nz  a2200169   4500</leader>
         <controlfield tag="001">30002980</controlfield>
         <controlfield tag="003">RISM</controlfield>
         <controlfield tag="005">20160216</controlfield>
         <controlfield tag="008">160216n||az|||||||##########||||||||||||</controlfield>
         <datafield tag="040" ind1=" " ind2=" ">
            <subfield code="a">E-BUse</subfield>
         </datafield>
         <datafield tag="043" ind1=" " ind2=" ">
            <subfield code="c">XA-ES</subfield>
         </datafield>
         <datafield tag="110" ind1="2" ind2=" ">
            <subfield code="a">Parroquia de San Esteban</subfield>
            <subfield code="c">Burgos</subfield>
            <subfield code="g">E-BUse</subfield>
         </datafield>
         <datafield tag="622" ind1=" " ind2=" ">
            <subfield code="e">Parroquia de San Esteban, Calle San Esteban, 1, 09003 Burgos, Spain</subfield>
         </datafield>
      </record>