
      <record>
         <leader>00000nz  a2200169   4500</leader>
         <controlfield tag="001">30002963</controlfield>
         <controlfield tag="003">RISM</controlfield>
         <controlfield tag="005">20160216</controlfield>
         <controlfield tag="008">160216n||az|||||||##########||||||||||||</controlfield>
         <datafield tag="040" ind1=" " ind2=" ">
            <subfield code="a">E-CA</subfield>
         </datafield>
         <datafield tag="043" ind1=" " ind2=" ">
            <subfield code="c">XA-ES</subfield>
         </datafield>
         <datafield tag="110" ind1="2" ind2=" ">
            <subfield code="a">Archivo Capitular de la Catedral de Calahorra</subfield>
            <subfield code="c">Calahorra</subfield>
            <subfield code="g">E-CA</subfield>
         </datafield>
         <datafield tag="410" ind1="2" ind2=" ">
            <subfield code="a">Catedral, Biblioteca Capitular, Archivo Catedral y Archivo Diocesano</subfield>
         </datafield>
         <datafield tag="622" ind1=" " ind2=" ">
            <subfield code="e">Archivo Capitular de la Catedral de,  Calahorra, Catedral, Pz. Cardenal Cascafarea, s/n, 26500 Calahorra, Spain</subfield>
            <subfield code="u">http://www.catedralcalahorra.org/archivo.html</subfield>
         </datafield>
      </record>