
      <record>
         <leader>00000nz  a2200169   4500</leader>
         <controlfield tag="001">30079562</controlfield>
         <controlfield tag="003">RISM</controlfield>
         <controlfield tag="005">20160216</controlfield>
         <controlfield tag="008">160216n||az|||||||##########||||||||||||</controlfield>
         <datafield tag="040" ind1=" " ind2=" ">
            <subfield code="a">E-CAD</subfield>
         </datafield>
         <datafield tag="043" ind1=" " ind2=" ">
            <subfield code="c">ES</subfield>
         </datafield>
         <datafield tag="110" ind1="2" ind2=" ">
            <subfield code="a">Cartuja de Aula Dei. Biblioteca</subfield>
            <subfield code="c">La Cartuja de Aula-Dei</subfield>
            <subfield code="g">E-CAD</subfield>
         </datafield>
         <datafield tag="580" ind1=" " ind2=" ">
            <subfield code="x">E-Zac</subfield>
            <subfield code="0">30001405</subfield>
         </datafield>
         <datafield tag="622" ind1=" " ind2=" ">
            <subfield code="e">Cartuja de Aula Dei. Biblioteca, Carretera de Montañana, s/n, 50192 La Cartuja de Aula-Dei, Spain</subfield>
            <subfield code="u">http://www.chemin-neuf.es/contact-info</subfield>
         </datafield>
      </record>