
      <record>
         <leader>00000nz  a2200169   4500</leader>
         <controlfield tag="001">30001367</controlfield>
         <controlfield tag="003">RISM</controlfield>
         <controlfield tag="005">20160216</controlfield>
         <controlfield tag="008">160216n||az|||||||##########||||||||||||</controlfield>
         <datafield tag="040" ind1=" " ind2=" ">
            <subfield code="a">E-CAL</subfield>
         </datafield>
         <datafield tag="043" ind1=" " ind2=" ">
            <subfield code="c">XA-ES</subfield>
         </datafield>
         <datafield tag="110" ind1="2" ind2=" ">
            <subfield code="a">Colegiata Mayor de Santa María, Archivo</subfield>
            <subfield code="c">Calatayud</subfield>
            <subfield code="g">E-CAL</subfield>
         </datafield>
         <datafield tag="410" ind1="2" ind2=" ">
            <subfield code="a">Biblioteca de la Colegiata de Santa María la Mayor</subfield>
         </datafield>
         <datafield tag="622" ind1=" " ind2=" ">
            <subfield code="e">Colegiata Mayor de Santa María, Archivo, Pl. Santa María, s/n, 50300 Calatayud, Spain</subfield>
         </datafield>
      </record>