
      <record>
         <leader>00000nz  a2200169   4500</leader>
         <controlfield tag="001">30005970</controlfield>
         <controlfield tag="003">RISM</controlfield>
         <controlfield tag="005">20160216</controlfield>
         <controlfield tag="008">160216n||az|||||||##########||||||||||||</controlfield>
         <datafield tag="040" ind1=" " ind2=" ">
            <subfield code="a">E-CALs</subfield>
         </datafield>
         <datafield tag="043" ind1=" " ind2=" ">
            <subfield code="c">XA-ES</subfield>
         </datafield>
         <datafield tag="110" ind1="2" ind2=" ">
            <subfield code="a">Archivo de Música de la Colegiata del Santo Sepulcro</subfield>
            <subfield code="c">Calatayud</subfield>
            <subfield code="g">E-CALs</subfield>
         </datafield>
         <datafield tag="622" ind1=" " ind2=" ">
            <subfield code="e">Archivo de Música de la Colegiata del,  Santo Sepulcro, Pº San Nicolás de Francia s/n, 50300 Calatayud, Spain</subfield>
         </datafield>
      </record>