
      <record>
         <leader>00000nz  a2200169   4500</leader>
         <controlfield tag="001">30079602</controlfield>
         <controlfield tag="003">RISM</controlfield>
         <controlfield tag="005">20160216</controlfield>
         <controlfield tag="008">160216n||az|||||||##########||||||||||||</controlfield>
         <datafield tag="040" ind1=" " ind2=" ">
            <subfield code="a">E-CAM</subfield>
         </datafield>
         <datafield tag="043" ind1=" " ind2=" ">
            <subfield code="c">ES</subfield>
         </datafield>
         <datafield tag="110" ind1="2" ind2=" ">
            <subfield code="a">Museu Isaac Albéniz</subfield>
            <subfield code="c">Camprodón</subfield>
            <subfield code="g">E-CAM</subfield>
         </datafield>
         <datafield tag="622" ind1=" " ind2=" ">
            <subfield code="e">Museu Isaac Albéniz, Ajuntament de Camprodon, Pza. d’Espanya, 1, 17867 Camprodón, Spain</subfield>
            <subfield code="u">http://albeniz.cat/</subfield>
         </datafield>
      </record>