
      <record>
         <leader>00000nz  a2200169   4500</leader>
         <controlfield tag="001">30005485</controlfield>
         <controlfield tag="003">RISM</controlfield>
         <controlfield tag="005">20160216</controlfield>
         <controlfield tag="008">160216n||az|||||||##########||||||||||||</controlfield>
         <datafield tag="040" ind1=" " ind2=" ">
            <subfield code="a">E-CAN</subfield>
         </datafield>
         <datafield tag="043" ind1=" " ind2=" ">
            <subfield code="c">XA-ES</subfield>
         </datafield>
         <datafield tag="110" ind1="2" ind2=" ">
            <subfield code="a">Arxiu Municipal (AMCNM)</subfield>
            <subfield code="c">Canet de Mar</subfield>
            <subfield code="g">E-CAN</subfield>
         </datafield>
         <datafield tag="410" ind1="2" ind2=" ">
            <subfield code="a">Archivo Municipal</subfield>
         </datafield>
         <datafield tag="410" ind1="2" ind2=" ">
            <subfield code="a">San Pedro, Archivo Parroquial</subfield>
         </datafield>
         <datafield tag="622" ind1=" " ind2=" ">
            <subfield code="e">Arxiu Municipal (AMCNM), Ample, 11, 08360 Canet de Mar, Spain</subfield>
            <subfield code="u">http://www.canetdemar.cat</subfield>
         </datafield>
      </record>