
      <record>
         <leader>00000nz  a2200169   4500</leader>
         <controlfield tag="001">30003289</controlfield>
         <controlfield tag="003">RISM</controlfield>
         <controlfield tag="005">20160216</controlfield>
         <controlfield tag="008">160216n||az|||||||##########||||||||||||</controlfield>
         <datafield tag="040" ind1=" " ind2=" ">
            <subfield code="a">E-CAR</subfield>
         </datafield>
         <datafield tag="043" ind1=" " ind2=" ">
            <subfield code="c">XA-ES</subfield>
         </datafield>
         <datafield tag="110" ind1="2" ind2=" ">
            <subfield code="a">Arxiu Històric de Cardona</subfield>
            <subfield code="c">Cardona</subfield>
            <subfield code="g">E-CAR</subfield>
         </datafield>
         <datafield tag="410" ind1="2" ind2=" ">
            <subfield code="a">Archivo Comunal</subfield>
         </datafield>
         <datafield tag="622" ind1=" " ind2=" ">
            <subfield code="e">Arxiu Històric de Cardona, c/ Graells, 37-39, 08261 Cardona, Spain</subfield>
         </datafield>
      </record>