
      <record>
         <leader>00000nz  a2200169   4500</leader>
         <controlfield tag="001">30076144</controlfield>
         <controlfield tag="003">RISM</controlfield>
         <controlfield tag="005">20160216</controlfield>
         <controlfield tag="008">160216n||az|||||||##########||||||||||||</controlfield>
         <datafield tag="040" ind1=" " ind2=" ">
            <subfield code="a">E-CC</subfield>
         </datafield>
         <datafield tag="043" ind1=" " ind2=" ">
            <subfield code="c">XA-ES</subfield>
         </datafield>
         <datafield tag="110" ind1="2" ind2=" ">
            <subfield code="a">Monasterio de Santa Clara</subfield>
            <subfield code="c">Carrión de los Condes (Palencia)</subfield>
            <subfield code="g">E-CC</subfield>
         </datafield>
         <datafield tag="410" ind1="2" ind2=" ">
            <subfield code="a">Real Convento de Santa Clara</subfield>
         </datafield>
         <datafield tag="622" ind1=" " ind2=" ">
            <subfield code="e">Monasterio de Santa Clara, Calle de Santa Clara, 1, 34120 Carrión de los Condes, Spain</subfield>
            <subfield code="u">http://www.clarisascarrion.blogspot.com.es/</subfield>
         </datafield>
      </record>