
      <record>
         <leader>00000nz  a2200169   4500</leader>
         <controlfield tag="001">30079641</controlfield>
         <controlfield tag="003">RISM</controlfield>
         <controlfield tag="005">20160216</controlfield>
         <controlfield tag="008">160216n||az|||||||##########||||||||||||</controlfield>
         <datafield tag="040" ind1=" " ind2=" ">
            <subfield code="a">E-CCRc</subfield>
         </datafield>
         <datafield tag="043" ind1=" " ind2=" ">
            <subfield code="c">ES</subfield>
         </datafield>
         <datafield tag="110" ind1="2" ind2=" ">
            <subfield code="a">Archivo Musical de la Concatedral de Cáceres</subfield>
            <subfield code="c">Cáceres</subfield>
            <subfield code="g">E-CCRc</subfield>
         </datafield>
         <datafield tag="622" ind1=" " ind2=" ">
            <subfield code="e">Archivo Musical de la Concatedral de,  Cáceres, Seminario Diocesano, Pza. de Santa María, 1, 10003  Cáceres, Spain</subfield>
            <subfield code="u">http://www.cabildocc.blogspot.com.es/2011/03/el-archivo-musical-de-la-concatedral.html</subfield>
         </datafield>
      </record>