
      <record>
         <leader>00000nz  a2200169   4500</leader>
         <controlfield tag="001">30079618</controlfield>
         <controlfield tag="003">RISM</controlfield>
         <controlfield tag="005">20160216</controlfield>
         <controlfield tag="008">160216n||az|||||||##########||||||||||||</controlfield>
         <datafield tag="040" ind1=" " ind2=" ">
            <subfield code="a">E-CE</subfield>
         </datafield>
         <datafield tag="043" ind1=" " ind2=" ">
            <subfield code="c">ES</subfield>
         </datafield>
         <datafield tag="110" ind1="2" ind2=" ">
            <subfield code="a">Catedral Nuestra Señora de la Asunción de Ceuta. Archivo Musical</subfield>
            <subfield code="c">Ceuta</subfield>
            <subfield code="g">E-CE</subfield>
         </datafield>
         <datafield tag="622" ind1=" " ind2=" ">
            <subfield code="e">Catedral Nuestra Señora de la Asunción,  de Ceuta. Archivo Musical, Pza. de Nuestra Señora de África, s/n, 51001 Ceuta, Spain</subfield>
         </datafield>
      </record>