
      <record>
         <leader>00000nz  a2200169   4500</leader>
         <controlfield tag="001">30079048</controlfield>
         <controlfield tag="003">RISM</controlfield>
         <controlfield tag="005">20160216</controlfield>
         <controlfield tag="008">160216n||az|||||||##########||||||||||||</controlfield>
         <datafield tag="040" ind1=" " ind2=" ">
            <subfield code="a">E-CER</subfield>
         </datafield>
         <datafield tag="043" ind1=" " ind2=" ">
            <subfield code="c">ES</subfield>
         </datafield>
         <datafield tag="110" ind1="2" ind2=" ">
            <subfield code="a">Arxiu Comarcal de la Segarra (ACSG)</subfield>
            <subfield code="c">Cervera</subfield>
            <subfield code="g">E-CER</subfield>
         </datafield>
         <datafield tag="410" ind1="2" ind2=" ">
            <subfield code="a">Arxiu Històric Comarcal de Cervera</subfield>
         </datafield>
         <datafield tag="622" ind1=" " ind2=" ">
            <subfield code="e">Arxiu Comarcal de la Segarra (ACSG), Passeig Jaume Balmes, s/n (edifici de la,  Universitat), 25200 Cervera, Spain</subfield>
            <subfield code="u">http://cultura.gencat.cat/arxius/acsg</subfield>
         </datafield>
      </record>