
      <record>
         <leader>00000nz  a2200169   4500</leader>
         <controlfield tag="001">30006017</controlfield>
         <controlfield tag="003">RISM</controlfield>
         <controlfield tag="005">20160216</controlfield>
         <controlfield tag="008">160216n||az|||||||##########||||||||||||</controlfield>
         <datafield tag="040" ind1=" " ind2=" ">
            <subfield code="a">E-Cf</subfield>
         </datafield>
         <datafield tag="043" ind1=" " ind2=" ">
            <subfield code="c">XA-ES</subfield>
         </datafield>
         <datafield tag="110" ind1="2" ind2=" ">
            <subfield code="a">Real Centro Filarmónico de Córdoba Eduardo Lucena</subfield>
            <subfield code="c">Córdoba</subfield>
            <subfield code="g">E-Cf</subfield>
         </datafield>
         <datafield tag="622" ind1=" " ind2=" ">
            <subfield code="e">Real Centro Filarmónico de Córdoba,  Eduardo Lucena, 14003 Córdoba, Spain</subfield>
            <subfield code="u">http://centrofilarmonicoeduardolucena.blogspot.com.es/</subfield>
         </datafield>
      </record>