
      <record>
         <leader>00000nz  a2200169   4500</leader>
         <controlfield tag="001">30079656</controlfield>
         <controlfield tag="003">RISM</controlfield>
         <controlfield tag="005">20160216</controlfield>
         <controlfield tag="008">160216n||az|||||||##########||||||||||||</controlfield>
         <datafield tag="040" ind1=" " ind2=" ">
            <subfield code="a">E-COL</subfield>
         </datafield>
         <datafield tag="043" ind1=" " ind2=" ">
            <subfield code="c">ES</subfield>
         </datafield>
         <datafield tag="110" ind1="2" ind2=" ">
            <subfield code="a">Parroquia de San Miguel</subfield>
            <subfield code="c">Corella</subfield>
            <subfield code="g">E-COL</subfield>
         </datafield>
         <datafield tag="622" ind1=" " ind2=" ">
            <subfield code="e">Parroquia de San Miguel, c/ San Miguel, s/n, 31591 Corella, Spain</subfield>
         </datafield>
      </record>