
      <record>
         <leader>00000nz  a2200169   4500</leader>
         <controlfield tag="001">30006231</controlfield>
         <controlfield tag="003">RISM</controlfield>
         <controlfield tag="005">20160216</controlfield>
         <controlfield tag="008">160216n||az|||||||##########||||||||||||</controlfield>
         <datafield tag="040" ind1=" " ind2=" ">
            <subfield code="a">E-COR</subfield>
         </datafield>
         <datafield tag="043" ind1=" " ind2=" ">
            <subfield code="c">XA-ES</subfield>
         </datafield>
         <datafield tag="110" ind1="2" ind2=" ">
            <subfield code="a">Archivo Capitular de la Catedral de Coria</subfield>
            <subfield code="c">Coria</subfield>
            <subfield code="g">E-COR</subfield>
         </datafield>
         <datafield tag="410" ind1="2" ind2=" ">
            <subfield code="a">Catedral, Archivo de Música</subfield>
         </datafield>
         <datafield tag="622" ind1=" " ind2=" ">
            <subfield code="e">Archivo Capitular de la Catedral de,  Coria, Pz. de la Catedral, s/n, 10800 Coria, Spain</subfield>
            <subfield code="u">http://www.diocesiscoriacaceres.es/Organismos/Archivodiocesano.php</subfield>
         </datafield>
      </record>