
      <record>
         <leader>00000nz  a2200169   4500</leader>
         <controlfield tag="001">30079486</controlfield>
         <controlfield tag="003">RISM</controlfield>
         <controlfield tag="005">20160216</controlfield>
         <controlfield tag="008">160216n||az|||||||##########||||||||||||</controlfield>
         <datafield tag="040" ind1=" " ind2=" ">
            <subfield code="a">E-CPahm</subfield>
         </datafield>
         <datafield tag="043" ind1=" " ind2=" ">
            <subfield code="c">ES</subfield>
         </datafield>
         <datafield tag="110" ind1="2" ind2=" ">
            <subfield code="a">Arxiu Històric Municipal de Castelló</subfield>
            <subfield code="c">Castelló de la Plana</subfield>
            <subfield code="g">E-CPahm</subfield>
         </datafield>
         <datafield tag="622" ind1=" " ind2=" ">
            <subfield code="e">Arxiu Històric Municipal de Castelló, C/ Gaibiel, 4, 12003 Castelló de la Plana, Spain</subfield>
            <subfield code="u">http://archivo.castello.es/valencia/index.html</subfield>
         </datafield>
      </record>