
      <record>
         <leader>00000nz  a2200169   4500</leader>
         <controlfield tag="001">30005462</controlfield>
         <controlfield tag="003">RISM</controlfield>
         <controlfield tag="005">20160216</controlfield>
         <controlfield tag="008">160216n||az|||||||##########||||||||||||</controlfield>
         <datafield tag="040" ind1=" " ind2=" ">
            <subfield code="a">E-CROc</subfield>
         </datafield>
         <datafield tag="043" ind1=" " ind2=" ">
            <subfield code="c">XA-ES</subfield>
         </datafield>
         <datafield tag="110" ind1="2" ind2=" ">
            <subfield code="a">Catedral de Ciudad Rodrigo, Archivo</subfield>
            <subfield code="c">Ciudad Rodrigo</subfield>
            <subfield code="g">E-CROc</subfield>
         </datafield>
         <datafield tag="622" ind1=" " ind2=" ">
            <subfield code="e">Catedral de Ciudad Rodrigo, Archivo, Plaza San Salvador, 1, 37500 Ciudad Rodrigo, Spain</subfield>
            <subfield code="u">http://www.catedralciudadrodrigo.com/</subfield>
         </datafield>
      </record>