
      <record>
         <leader>00000nz  a2200169   4500</leader>
         <controlfield tag="001">30005463</controlfield>
         <controlfield tag="003">RISM</controlfield>
         <controlfield tag="005">20160216</controlfield>
         <controlfield tag="008">160216n||az|||||||##########||||||||||||</controlfield>
         <datafield tag="040" ind1=" " ind2=" ">
            <subfield code="a">E-CUd</subfield>
         </datafield>
         <datafield tag="043" ind1=" " ind2=" ">
            <subfield code="c">XA-ES</subfield>
         </datafield>
         <datafield tag="110" ind1="2" ind2=" ">
            <subfield code="a">Archivo Diocesano de Cuenca</subfield>
            <subfield code="c">Cuenca</subfield>
            <subfield code="g">E-CUd</subfield>
         </datafield>
         <datafield tag="622" ind1=" " ind2=" ">
            <subfield code="e">Archivo Diocesano, Claustro Catedral de Cuenca, c/ Ronda Julián Romero, s/n, 16001 Cuenca, Spain</subfield>
         </datafield>
      </record>