
      <record>
         <leader>00000nz  a2200169   4500</leader>
         <controlfield tag="001">30070511</controlfield>
         <controlfield tag="003">RISM</controlfield>
         <controlfield tag="005">20160216</controlfield>
         <controlfield tag="008">160216n||az|||||||##########||||||||||||</controlfield>
         <datafield tag="040" ind1=" " ind2=" ">
            <subfield code="a">E-CUYm</subfield>
         </datafield>
         <datafield tag="043" ind1=" " ind2=" ">
            <subfield code="c">XA-ES</subfield>
         </datafield>
         <datafield tag="110" ind1="2" ind2=" ">
            <subfield code="a">Monasterio de Yuste, Biblioteca</subfield>
            <subfield code="c">Cuacos de Yuste</subfield>
            <subfield code="g">E-CUYm</subfield>
         </datafield>
         <datafield tag="622" ind1=" " ind2=" ">
            <subfield code="e">Monasterio de Yuste, Biblioteca, Carretera de Yuste, s/n, 10430 Cuacos de Yuste, Spain</subfield>
         </datafield>
      </record>