
      <record>
         <leader>00000nz  a2200169   4500</leader>
         <controlfield tag="001">30080181</controlfield>
         <controlfield tag="003">RISM</controlfield>
         <controlfield tag="005">20160216</controlfield>
         <controlfield tag="008">160216n||az|||||||##########||||||||||||</controlfield>
         <datafield tag="040" ind1=" " ind2=" ">
            <subfield code="a">E-CZahp</subfield>
         </datafield>
         <datafield tag="043" ind1=" " ind2=" ">
            <subfield code="c">ES</subfield>
         </datafield>
         <datafield tag="110" ind1="2" ind2=" ">
            <subfield code="a">Archivo Histórico Provincial de Cádiz</subfield>
            <subfield code="c">Cádiz</subfield>
            <subfield code="g">E-CZahp</subfield>
         </datafield>
         <datafield tag="622" ind1=" " ind2=" ">
            <subfield code="e">Archivo Histórico Provincial de Cádiz, c/ Cristóbal Colón, 12, 11005 Cádiz, Spain</subfield>
            <subfield code="u">http://www.juntadeandalucia.es/culturaydeporte/archivos/Portada</subfield>
         </datafield>
      </record>