
      <record>
         <leader>00000nz  a2200169   4500</leader>
         <controlfield tag="001">30005464</controlfield>
         <controlfield tag="003">RISM</controlfield>
         <controlfield tag="005">20160216</controlfield>
         <controlfield tag="008">160216n||az|||||||##########||||||||||||</controlfield>
         <datafield tag="040" ind1=" " ind2=" ">
            <subfield code="a">E-CZb</subfield>
         </datafield>
         <datafield tag="043" ind1=" " ind2=" ">
            <subfield code="c">XA-ES</subfield>
         </datafield>
         <datafield tag="110" ind1="2" ind2=" ">
            <subfield code="a">Biblioteca Pública Provincial</subfield>
            <subfield code="c">Cádiz</subfield>
            <subfield code="g">E-CZb</subfield>
         </datafield>
         <datafield tag="622" ind1=" " ind2=" ">
            <subfield code="e">Biblioteca Pública Provincial, Avda. Ramón de Carranza, 16, 11006 Cádiz, Spain</subfield>
            <subfield code="u">http://www.juntadeandalucia.es/culturaydeporte/opencms/export/bibliotecas/bibcadiz/</subfield>
         </datafield>
      </record>