
      <record>
         <leader>00000nz  a2200169   4500</leader>
         <controlfield tag="001">30005465</controlfield>
         <controlfield tag="003">RISM</controlfield>
         <controlfield tag="005">20160216</controlfield>
         <controlfield tag="008">160216n||az|||||||##########||||||||||||</controlfield>
         <datafield tag="040" ind1=" " ind2=" ">
            <subfield code="a">E-CZm</subfield>
         </datafield>
         <datafield tag="043" ind1=" " ind2=" ">
            <subfield code="c">XA-ES</subfield>
         </datafield>
         <datafield tag="110" ind1="2" ind2=" ">
            <subfield code="a">Archivo Histórico Municipal</subfield>
            <subfield code="c">Cádiz</subfield>
            <subfield code="g">E-CZm</subfield>
         </datafield>
         <datafield tag="410" ind1="2" ind2=" ">
            <subfield code="a">Archivo Municipal</subfield>
         </datafield>
         <datafield tag="622" ind1=" " ind2=" ">
            <subfield code="e">Archivo Histórico Municipal, c/ Isabel la Católica, 11, 11071 Cádiz, Spain</subfield>
            <subfield code="u">http://institucional.cadiz.es/area/Archivo%20Hist%C3%B3rico/238</subfield>
         </datafield>
      </record>