
      <record>
         <leader>00000nz  a2200169   4500</leader>
         <controlfield tag="001">30006235</controlfield>
         <controlfield tag="003">RISM</controlfield>
         <controlfield tag="005">20160216</controlfield>
         <controlfield tag="008">160216n||az|||||||##########||||||||||||</controlfield>
         <datafield tag="040" ind1=" " ind2=" ">
            <subfield code="a">E-D</subfield>
         </datafield>
         <datafield tag="043" ind1=" " ind2=" ">
            <subfield code="c">XA-ES</subfield>
         </datafield>
         <datafield tag="110" ind1="2" ind2=" ">
            <subfield code="a">Iglesia Colegial de Santa María de los Sagrados Corporales. Archivo</subfield>
            <subfield code="c">Daroca</subfield>
            <subfield code="g">E-D</subfield>
         </datafield>
         <datafield tag="622" ind1=" " ind2=" ">
            <subfield code="e">Iglesia Colegial de Santa María de los,  Sagrados Corporales. Archivo, Casa Parroquial., c/ Tuyibies, s/n, 50360 Daroca, Spain</subfield>
            <subfield code="u">http://goo.gl/Xv4VLs</subfield>
         </datafield>
      </record>