
      <record>
         <leader>00000nz  a2200169   4500</leader>
         <controlfield tag="001">30078123</controlfield>
         <controlfield tag="003">RISM</controlfield>
         <controlfield tag="005">20160216</controlfield>
         <controlfield tag="008">160216n||az|||||||##########||||||||||||</controlfield>
         <datafield tag="040" ind1=" " ind2=" ">
            <subfield code="a">E-Dahn</subfield>
         </datafield>
         <datafield tag="043" ind1=" " ind2=" ">
            <subfield code="c">ES</subfield>
         </datafield>
         <datafield tag="110" ind1="2" ind2=" ">
            <subfield code="a">Archivo de Protocolos Notariales de Daroca</subfield>
            <subfield code="c">Daroca</subfield>
            <subfield code="g">E-Dahn</subfield>
         </datafield>
         <datafield tag="410" ind1="2" ind2=" ">
            <subfield code="a">Archivio Historico Notarial</subfield>
         </datafield>
         <datafield tag="622" ind1=" " ind2=" ">
            <subfield code="e">Archivo de Protocolos Notariales de,  Daroca, c/ Mayor, 135 - 1º C, 50360 Daroca, Spain</subfield>
         </datafield>
      </record>