
      <record>
         <leader>00000nz  a2200169   4500</leader>
         <controlfield tag="001">30079664</controlfield>
         <controlfield tag="003">RISM</controlfield>
         <controlfield tag="005">20160216</controlfield>
         <controlfield tag="008">160216n||az|||||||##########||||||||||||</controlfield>
         <datafield tag="040" ind1=" " ind2=" ">
            <subfield code="a">E-DER</subfield>
         </datafield>
         <datafield tag="043" ind1=" " ind2=" ">
            <subfield code="c">ES</subfield>
         </datafield>
         <datafield tag="110" ind1="2" ind2=" ">
            <subfield code="a">Archivo Histórico Eclesiástico de Vizcaya / Bizkaiko elizaren histori archiboa</subfield>
            <subfield code="c">Derio</subfield>
            <subfield code="g">E-DER</subfield>
         </datafield>
         <datafield tag="622" ind1=" " ind2=" ">
            <subfield code="e">Archivo Histórico Eclesiástico de,  Vizcaya / Bizkaiko elizaren histori,  archiboa, c/ Larrauri, 1 A, 5ª planta, 48160 Derio, Spain</subfield>
            <subfield code="u">http://www.aheb-beha.org/doc_musical.html?&amp;L=qheokhnrzk</subfield>
         </datafield>
      </record>