
      <record>
         <leader>00000nz  a2200169   4500</leader>
         <controlfield tag="001">30001370</controlfield>
         <controlfield tag="003">RISM</controlfield>
         <controlfield tag="005">20160216</controlfield>
         <controlfield tag="008">160216n||az|||||||##########||||||||||||</controlfield>
         <datafield tag="040" ind1=" " ind2=" ">
            <subfield code="a">E-E</subfield>
         </datafield>
         <datafield tag="043" ind1=" " ind2=" ">
            <subfield code="c">XA-ES</subfield>
         </datafield>
         <datafield tag="110" ind1="2" ind2=" ">
            <subfield code="a">Real Biblioteca del Monasterio de San Lorenzo de El Escorial</subfield>
            <subfield code="c">El Escorial</subfield>
            <subfield code="g">E-E</subfield>
         </datafield>
         <datafield tag="622" ind1=" " ind2=" ">
            <subfield code="e">Real Biblioteca del Monasterio de San,  Lorenzo de El Escorial, Real Monasterio de El Escorial, Avenida D. Juan de Borbón y Battenberg,,  1, 28200 San Lorenzo de El Escorial, Spain</subfield>
            <subfield code="u">http://rbme.patrimonionacional.es/</subfield>
         </datafield>
      </record>