
      <record>
         <leader>00000nz  a2200169   4500</leader>
         <controlfield tag="001">30080211</controlfield>
         <controlfield tag="003">RISM</controlfield>
         <controlfield tag="005">20160216</controlfield>
         <controlfield tag="008">160216n||az|||||||##########||||||||||||</controlfield>
         <datafield tag="040" ind1=" " ind2=" ">
            <subfield code="a">E-EC</subfield>
         </datafield>
         <datafield tag="043" ind1=" " ind2=" ">
            <subfield code="c">ES</subfield>
         </datafield>
         <datafield tag="110" ind1="2" ind2=" ">
            <subfield code="a">Archivo Municipal del Ayuntamiento de Écija</subfield>
            <subfield code="c">Écija</subfield>
            <subfield code="g">E-EC</subfield>
         </datafield>
         <datafield tag="622" ind1=" " ind2=" ">
            <subfield code="e">Archivo Municipal del Ayuntamiento de,  Écija, Pasaje de las Celindas, s/n., 41400 Écija, Spain</subfield>
            <subfield code="u">http://documentosarchivo.ecija.es/index.html</subfield>
         </datafield>
      </record>