
      <record>
         <leader>00000nz  a2200169   4500</leader>
         <controlfield tag="001">30080158</controlfield>
         <controlfield tag="003">RISM</controlfield>
         <controlfield tag="005">20160216</controlfield>
         <controlfield tag="008">160216n||az|||||||##########||||||||||||</controlfield>
         <datafield tag="040" ind1=" " ind2=" ">
            <subfield code="a">E-EL</subfield>
         </datafield>
         <datafield tag="043" ind1=" " ind2=" ">
            <subfield code="c">ES</subfield>
         </datafield>
         <datafield tag="110" ind1="2" ind2=" ">
            <subfield code="a">Museo Etnológico de Navarra "Julio Caro Baroja"</subfield>
            <subfield code="c">Estella-Lizarra</subfield>
            <subfield code="g">E-EL</subfield>
         </datafield>
         <datafield tag="622" ind1=" " ind2=" ">
            <subfield code="e">Museo Etnológico de Navarra "Julio Caro,  Baroja", c/ Merkatondoa, 13, nave 4, 31200 Estella-Lizarra, Spain</subfield>
            <subfield code="u">http://goo.gl/glSpZ9</subfield>
         </datafield>
      </record>