
      <record>
         <leader>00000nz  a2200169   4500</leader>
         <controlfield tag="001">30079634</controlfield>
         <controlfield tag="003">RISM</controlfield>
         <controlfield tag="005">20160216</controlfield>
         <controlfield tag="008">160216n||az|||||||##########||||||||||||</controlfield>
         <datafield tag="040" ind1=" " ind2=" ">
            <subfield code="a">E-ELXpm</subfield>
         </datafield>
         <datafield tag="043" ind1=" " ind2=" ">
            <subfield code="c">ES</subfield>
         </datafield>
         <datafield tag="110" ind1="2" ind2=" ">
            <subfield code="a">Patronat del Misteri d'Elx. Biblioteca y Archivo</subfield>
            <subfield code="c">Elche</subfield>
            <subfield code="g">E-ELXpm</subfield>
         </datafield>
         <datafield tag="622" ind1=" " ind2=" ">
            <subfield code="e">Patronat del Misteri d'Elx. Biblioteca y,  Archivo, Casa de la Festa, c/ Major de la Vila, 27, 03202  Elche, Spain</subfield>
            <subfield code="u">http://www.misteridelx.com/es/</subfield>
         </datafield>
      </record>