
      <record>
         <leader>00000nz  a2200169   4500</leader>
         <controlfield tag="001">30079678</controlfield>
         <controlfield tag="003">RISM</controlfield>
         <controlfield tag="005">20160216</controlfield>
         <controlfield tag="008">160216n||az|||||||##########||||||||||||</controlfield>
         <datafield tag="040" ind1=" " ind2=" ">
            <subfield code="a">E-EMP</subfield>
         </datafield>
         <datafield tag="043" ind1=" " ind2=" ">
            <subfield code="c">ES</subfield>
         </datafield>
         <datafield tag="110" ind1="2" ind2=" ">
            <subfield code="a">Parroquia de Santa María. Archivo</subfield>
            <subfield code="c">Castelló d'Empúries</subfield>
            <subfield code="g">E-EMP</subfield>
         </datafield>
         <datafield tag="622" ind1=" " ind2=" ">
            <subfield code="e">Parroquia de Santa María. Archivo, Pza. Mossèn Cinto Verdaguer, s/n, 17486 Castelló d’Empúries, Spain</subfield>
            <subfield code="u">http://www.basilicadecastello.com</subfield>
         </datafield>
      </record>