
      <record>
         <leader>00000nz  a2200169   4500</leader>
         <controlfield tag="001">30079049</controlfield>
         <controlfield tag="003">RISM</controlfield>
         <controlfield tag="005">20160216</controlfield>
         <controlfield tag="008">160216n||az|||||||##########||||||||||||</controlfield>
         <datafield tag="040" ind1=" " ind2=" ">
            <subfield code="a">E-ESborràs</subfield>
         </datafield>
         <datafield tag="043" ind1=" " ind2=" ">
            <subfield code="c">ES</subfield>
         </datafield>
         <datafield tag="110" ind1="2" ind2=" ">
            <subfield code="a">Arxiu personal del Sr. Josep Borràs</subfield>
            <subfield code="c">Esparreguera</subfield>
            <subfield code="g">E-ESborràs</subfield>
         </datafield>
         <datafield tag="410" ind1="2" ind2=" ">
            <subfield code="a">Archivo personal del Sr. Josep Borràs</subfield>
         </datafield>
      </record>