
      <record>
         <leader>00000nz  a2200169   4500</leader>
         <controlfield tag="001">30079510</controlfield>
         <controlfield tag="003">RISM</controlfield>
         <controlfield tag="005">20160216</controlfield>
         <controlfield tag="008">160216n||az|||||||##########||||||||||||</controlfield>
         <datafield tag="040" ind1=" " ind2=" ">
            <subfield code="a">E-ESCsl</subfield>
         </datafield>
         <datafield tag="043" ind1=" " ind2=" ">
            <subfield code="c">ES</subfield>
         </datafield>
         <datafield tag="110" ind1="2" ind2=" ">
            <subfield code="a">Santuari de Santa Maria de Lluc, Arxiu</subfield>
            <subfield code="c">Escorca</subfield>
            <subfield code="g">E-ESCsl</subfield>
         </datafield>
         <datafield tag="622" ind1=" " ind2=" ">
            <subfield code="e">Santuari de Santa Maria de Lluc, Arxiu, Plaça dels Peregrins, 1, 07315 Escorca - Mallorca, Spain</subfield>
            <subfield code="u">http://www.lluc.net/</subfield>
         </datafield>
      </record>