
      <record>
         <leader>00000nz  a2200169   4500</leader>
         <controlfield tag="001">30005466</controlfield>
         <controlfield tag="003">RISM</controlfield>
         <controlfield tag="005">20160216</controlfield>
         <controlfield tag="008">160216n||az|||||||##########||||||||||||</controlfield>
         <datafield tag="040" ind1=" " ind2=" ">
            <subfield code="a">E-Fa</subfield>
         </datafield>
         <datafield tag="043" ind1=" " ind2=" ">
            <subfield code="c">XA-ES</subfield>
         </datafield>
         <datafield tag="110" ind1="2" ind2=" ">
            <subfield code="a">Archivo Municipal</subfield>
            <subfield code="c">Ferrol</subfield>
            <subfield code="g">E-Fa</subfield>
         </datafield>
         <datafield tag="622" ind1=" " ind2=" ">
            <subfield code="e">Archivo Municipal, Ayuntamiento de Ferrol, Plaza de Armas, s/n. 2º, 15402 Ferrol, Spain</subfield>
            <subfield code="u">http://www.ferrol.es/arquivo/index_es.asp</subfield>
         </datafield>
      </record>