
      <record>
         <leader>00000nz  a2200169   4500</leader>
         <controlfield tag="001">30005732</controlfield>
         <controlfield tag="003">RISM</controlfield>
         <controlfield tag="005">20160216</controlfield>
         <controlfield tag="008">160216n||az|||||||##########||||||||||||</controlfield>
         <datafield tag="040" ind1=" " ind2=" ">
            <subfield code="a">E-Fbaudot</subfield>
         </datafield>
         <datafield tag="043" ind1=" " ind2=" ">
            <subfield code="c">XA-ES</subfield>
         </datafield>
         <datafield tag="110" ind1="2" ind2=" ">
            <subfield code="a">G. Baudot-Puentes, colección privada</subfield>
            <subfield code="c">Ferrol</subfield>
            <subfield code="g">E-Fbaudot</subfield>
         </datafield>
         <datafield tag="410" ind1="2" ind2=" ">
            <subfield code="a">G. Baudot-Puentes, private collection</subfield>
         </datafield>
      </record>