
      <record>
         <leader>00000nz  a2200169   4500</leader>
         <controlfield tag="001">30001371</controlfield>
         <controlfield tag="003">RISM</controlfield>
         <controlfield tag="005">20160216</controlfield>
         <controlfield tag="008">160216n||az|||||||##########||||||||||||</controlfield>
         <datafield tag="040" ind1=" " ind2=" ">
            <subfield code="a">E-G</subfield>
         </datafield>
         <datafield tag="043" ind1=" " ind2=" ">
            <subfield code="c">XA-ES</subfield>
         </datafield>
         <datafield tag="110" ind1="2" ind2=" ">
            <subfield code="a">Arxiu Capitular de la Catedral de Girona</subfield>
            <subfield code="c">Girona</subfield>
            <subfield code="g">E-G</subfield>
         </datafield>
         <datafield tag="410" ind1="2" ind2=" ">
            <subfield code="a">Archivo Capitular de la Catedral de Girona</subfield>
         </datafield>
         <datafield tag="622" ind1=" " ind2=" ">
            <subfield code="e">Arxiu Capitular de la Catedral de Girona, Pujada de la Catedral s/n., 17004 Girona, Spain</subfield>
            <subfield code="u">http://www.catedralgirona.org/arxiu.php</subfield>
         </datafield>
      </record>