
      <record>
         <leader>00000nz  a2200169   4500</leader>
         <controlfield tag="001">30079671</controlfield>
         <controlfield tag="003">RISM</controlfield>
         <controlfield tag="005">20160216</controlfield>
         <controlfield tag="008">160216n||az|||||||##########||||||||||||</controlfield>
         <datafield tag="040" ind1=" " ind2=" ">
            <subfield code="a">E-GIam</subfield>
         </datafield>
         <datafield tag="043" ind1=" " ind2=" ">
            <subfield code="c">ES</subfield>
         </datafield>
         <datafield tag="110" ind1="2" ind2=" ">
            <subfield code="a">Archivo Municipal de Gijón</subfield>
            <subfield code="c">Gijón</subfield>
            <subfield code="g">E-GIam</subfield>
         </datafield>
         <datafield tag="622" ind1=" " ind2=" ">
            <subfield code="e">Archivo Municipal de Gijón, Edificio de la Torre del Reloj, c/ Recoletas, 5, 33201 Gijón, Spain</subfield>
            <subfield code="u">http://www.gijon.es/page/10442-archivo-municipal</subfield>
         </datafield>
      </record>