
      <record>
         <leader>00000nz  a2200169   4500</leader>
         <controlfield tag="001">30003291</controlfield>
         <controlfield tag="003">RISM</controlfield>
         <controlfield tag="005">20160216</controlfield>
         <controlfield tag="008">160216n||az|||||||##########||||||||||||</controlfield>
         <datafield tag="040" ind1=" " ind2=" ">
            <subfield code="a">E-Gm</subfield>
         </datafield>
         <datafield tag="043" ind1=" " ind2=" ">
            <subfield code="c">XA-ES</subfield>
         </datafield>
         <datafield tag="110" ind1="2" ind2=" ">
            <subfield code="a">Museu Diocesà de Girona</subfield>
            <subfield code="c">Girona</subfield>
            <subfield code="g">E-Gm</subfield>
         </datafield>
         <datafield tag="622" ind1=" " ind2=" ">
            <subfield code="e">Museu Diocesà de Girona, Pujada de la Catedral, 12, 17004 Girona, Spain</subfield>
            <subfield code="u">http://www.museuart.com/</subfield>
         </datafield>
      </record>