
      <record>
         <leader>00000nz  a2200169   4500</leader>
         <controlfield tag="001">30079588</controlfield>
         <controlfield tag="003">RISM</controlfield>
         <controlfield tag="005">20160216</controlfield>
         <controlfield tag="008">160216n||az|||||||##########||||||||||||</controlfield>
         <datafield tag="040" ind1=" " ind2=" ">
            <subfield code="a">E-GRA</subfield>
         </datafield>
         <datafield tag="043" ind1=" " ind2=" ">
            <subfield code="c">ES</subfield>
         </datafield>
         <datafield tag="110" ind1="2" ind2=" ">
            <subfield code="a">Archivo del Monasterio de Santa María de Gradefes</subfield>
            <subfield code="c">Gradefes</subfield>
            <subfield code="g">E-GRA</subfield>
         </datafield>
         <datafield tag="622" ind1=" " ind2=" ">
            <subfield code="e">Archivo del Monasterio de Santa María de,  Gradefes, 24160 Gradefes, Spain</subfield>
            <subfield code="u">http://www.contemplativasgradefes.blogspot.com.es/</subfield>
         </datafield>
      </record>