
      <record>
         <leader>00000nz  a2200169   4500</leader>
         <controlfield tag="001">30079551</controlfield>
         <controlfield tag="003">RISM</controlfield>
         <controlfield tag="005">20160216</controlfield>
         <controlfield tag="008">160216n||az|||||||##########||||||||||||</controlfield>
         <datafield tag="040" ind1=" " ind2=" ">
            <subfield code="a">E-GRa</subfield>
         </datafield>
         <datafield tag="043" ind1=" " ind2=" ">
            <subfield code="c">ES</subfield>
         </datafield>
         <datafield tag="110" ind1="2" ind2=" ">
            <subfield code="a">Casa-Museo Ángel Barrios</subfield>
            <subfield code="c">Granada</subfield>
            <subfield code="g">E-GRa</subfield>
         </datafield>
         <datafield tag="410" ind1="2" ind2=" ">
            <subfield code="a">Patronato de la Alhambra y Generalife. Archivo y Biblioteca del Patronato de la Alhambra y Generalife. Edificio de los Nuevos Museos</subfield>
         </datafield>
         <datafield tag="622" ind1=" " ind2=" ">
            <subfield code="e">Casa-Museo Ángel Barrios, c/ Real de La Alhambra, s/n, 18009 Granada, Spain</subfield>
            <subfield code="u">http://www.alhambra-generalife.es/angelbarrios/</subfield>
         </datafield>
      </record>