
      <record>
         <leader>00000nz  a2200169   4500</leader>
         <controlfield tag="001">30001372</controlfield>
         <controlfield tag="003">RISM</controlfield>
         <controlfield tag="005">20160216</controlfield>
         <controlfield tag="008">160216n||az|||||||##########||||||||||||</controlfield>
         <datafield tag="040" ind1=" " ind2=" ">
            <subfield code="a">E-GRc</subfield>
         </datafield>
         <datafield tag="043" ind1=" " ind2=" ">
            <subfield code="c">XA-ES</subfield>
         </datafield>
         <datafield tag="110" ind1="2" ind2=" ">
            <subfield code="a">Archivo Catedralicio de Música</subfield>
            <subfield code="c">Granada</subfield>
            <subfield code="g">E-GRc</subfield>
         </datafield>
         <datafield tag="410" ind1="2" ind2=" ">
            <subfield code="a">Catedral, Archivo Capitular</subfield>
         </datafield>
         <datafield tag="580" ind1=" " ind2=" ">
            <subfield code="x">E-GRcr</subfield>
            <subfield code="0">30001374</subfield>
         </datafield>
         <datafield tag="622" ind1=" " ind2=" ">
            <subfield code="e">Archivo Catedralicio de Música, c/ Gran Vía de Colón, 5, 18001 Granada, Spain</subfield>
            <subfield code="u">http://www.catedraldegranada.com/</subfield>
         </datafield>
      </record>