
      <record>
         <leader>00000nz  a2200169   4500</leader>
         <controlfield tag="001">30080185</controlfield>
         <controlfield tag="003">RISM</controlfield>
         <controlfield tag="005">20160216</controlfield>
         <controlfield tag="008">160216n||az|||||||##########||||||||||||</controlfield>
         <datafield tag="040" ind1=" " ind2=" ">
            <subfield code="a">E-GRcmf</subfield>
         </datafield>
         <datafield tag="043" ind1=" " ind2=" ">
            <subfield code="c">ES</subfield>
         </datafield>
         <datafield tag="110" ind1="2" ind2=" ">
            <subfield code="a">Casa Museo Manuel de Falla</subfield>
            <subfield code="c">Granada</subfield>
            <subfield code="g">E-GRcmf</subfield>
         </datafield>
         <datafield tag="622" ind1=" " ind2=" ">
            <subfield code="e">Casa Museo Manuel de Falla, c/ Antequeruela Alta, 11, 18009 Granada, Spain</subfield>
            <subfield code="u">http://www.museomanueldefalla.com/</subfield>
         </datafield>
      </record>