
      <record>
         <leader>00000nz  a2200169   4500</leader>
         <controlfield tag="001">30001374</controlfield>
         <controlfield tag="003">RISM</controlfield>
         <controlfield tag="005">20160216</controlfield>
         <controlfield tag="008">160216n||az|||||||##########||||||||||||</controlfield>
         <datafield tag="040" ind1=" " ind2=" ">
            <subfield code="a">E-GRcr</subfield>
         </datafield>
         <datafield tag="043" ind1=" " ind2=" ">
            <subfield code="c">XA-ES</subfield>
         </datafield>
         <datafield tag="110" ind1="2" ind2=" ">
            <subfield code="a">Archivo de la Capilla Real</subfield>
            <subfield code="c">Granada</subfield>
            <subfield code="g">E-GRcr</subfield>
         </datafield>
         <datafield tag="622" ind1=" " ind2=" ">
            <subfield code="e">Archivo de la Capilla Real, c/ Oficios, s/n, 18001 Granada, Spain</subfield>
            <subfield code="u">http://www.capillarealgranada.com/</subfield>
         </datafield>
      </record>