
      <record>
         <leader>00000nz  a2200169   4500</leader>
         <controlfield tag="001">30006208</controlfield>
         <controlfield tag="003">RISM</controlfield>
         <controlfield tag="005">20160216</controlfield>
         <controlfield tag="008">160216n||az|||||||##########||||||||||||</controlfield>
         <datafield tag="040" ind1=" " ind2=" ">
            <subfield code="a">E-GRda</subfield>
         </datafield>
         <datafield tag="043" ind1=" " ind2=" ">
            <subfield code="c">XA-ES</subfield>
         </datafield>
         <datafield tag="110" ind1="2" ind2=" ">
            <subfield code="a">Centro de Documentación Musical de Andalucía</subfield>
            <subfield code="c">Granada</subfield>
            <subfield code="g">E-GRda</subfield>
         </datafield>
         <datafield tag="622" ind1=" " ind2=" ">
            <subfield code="e">Centro de Documentación Musical de,  Andalucía, Carrera del Darro, 29, 18010 Granada, Spain</subfield>
            <subfield code="u">http://www.centrodedocumentacionmusicaldeandalucia.es/opencms</subfield>
         </datafield>
      </record>