
      <record>
         <leader>00000nz  a2200169   4500</leader>
         <controlfield tag="001">30079552</controlfield>
         <controlfield tag="003">RISM</controlfield>
         <controlfield tag="005">20160216</controlfield>
         <controlfield tag="008">160216n||az|||||||##########||||||||||||</controlfield>
         <datafield tag="040" ind1=" " ind2=" ">
            <subfield code="a">E-GRe</subfield>
         </datafield>
         <datafield tag="043" ind1=" " ind2=" ">
            <subfield code="c">ES</subfield>
         </datafield>
         <datafield tag="110" ind1="2" ind2=" ">
            <subfield code="a">Monasterio de la Encarnación, Archivo</subfield>
            <subfield code="c">Granada</subfield>
            <subfield code="g">E-GRe</subfield>
         </datafield>
         <datafield tag="622" ind1=" " ind2=" ">
            <subfield code="e">Monasterio de la Encarnación, Archivo, Pza. de la Encarnación s/n, 18001 Granada, Spain</subfield>
         </datafield>
      </record>