
      <record>
         <leader>00000nz  a2200169   4500</leader>
         <controlfield tag="001">30005487</controlfield>
         <controlfield tag="003">RISM</controlfield>
         <controlfield tag="005">20160216</controlfield>
         <controlfield tag="008">160216n||az|||||||##########||||||||||||</controlfield>
         <datafield tag="040" ind1=" " ind2=" ">
            <subfield code="a">E-GRmf</subfield>
         </datafield>
         <datafield tag="043" ind1=" " ind2=" ">
            <subfield code="c">XA-ES</subfield>
         </datafield>
         <datafield tag="110" ind1="2" ind2=" ">
            <subfield code="a">Archivo Manuel de Falla</subfield>
            <subfield code="c">Granada</subfield>
            <subfield code="g">E-GRmf</subfield>
         </datafield>
         <datafield tag="622" ind1=" " ind2=" ">
            <subfield code="e">Archivo Manuel de Falla, Centro Cultural Manuel de Falla, Pº de los Mártires, s/n, 18009 Granada, Spain</subfield>
            <subfield code="u">http://www.manueldefalla.com/es/el-archivo</subfield>
         </datafield>
      </record>