
      <record>
         <leader>00000nz  a2200169   4500</leader>
         <controlfield tag="001">30079604</controlfield>
         <controlfield tag="003">RISM</controlfield>
         <controlfield tag="005">20160216</controlfield>
         <controlfield tag="008">160216n||az|||||||##########||||||||||||</controlfield>
         <datafield tag="040" ind1=" " ind2=" ">
            <subfield code="a">E-GRN</subfield>
         </datafield>
         <datafield tag="043" ind1=" " ind2=" ">
            <subfield code="c">ES</subfield>
         </datafield>
         <datafield tag="110" ind1="2" ind2=" ">
            <subfield code="a">Hemeroteca Municipal Josep Mora. Fondo Musical</subfield>
            <subfield code="c">Granollers</subfield>
            <subfield code="g">E-GRN</subfield>
         </datafield>
         <datafield tag="622" ind1=" " ind2=" ">
            <subfield code="e">Hemeroteca Municipal Josep Mora. Fondo,  Musical, Arxiu Comarcal del Vallès Oriental,  (ACVO), c/ de l'Olivar, 10, 08402 Granollers, Spain</subfield>
            <subfield code="u">http://www.granollers.cat/arxiu/hemeroteca-municipal-josep-mora</subfield>
         </datafield>
      </record>