
      <record>
         <leader>00000nz  a2200169   4500</leader>
         <controlfield tag="001">30079553</controlfield>
         <controlfield tag="003">RISM</controlfield>
         <controlfield tag="005">20160216</controlfield>
         <controlfield tag="008">160216n||az|||||||##########||||||||||||</controlfield>
         <datafield tag="040" ind1=" " ind2=" ">
            <subfield code="a">E-GRsi</subfield>
         </datafield>
         <datafield tag="043" ind1=" " ind2=" ">
            <subfield code="c">ES</subfield>
         </datafield>
         <datafield tag="110" ind1="2" ind2=" ">
            <subfield code="a">Monasterio de Santa Isabel la Real. Archivo</subfield>
            <subfield code="c">Granada</subfield>
            <subfield code="g">E-GRsi</subfield>
         </datafield>
         <datafield tag="622" ind1=" " ind2=" ">
            <subfield code="e">Monasterio de Santa Isabel la Real.,  Archivo, c/ Santa Isabel la Real, 15, 18010  Granada, Spain</subfield>
            <subfield code="u">http://www.staisabellareal.es/</subfield>
         </datafield>
      </record>