
      <record>
         <leader>00000nz  a2200169   4500</leader>
         <controlfield tag="001">30003293</controlfield>
         <controlfield tag="003">RISM</controlfield>
         <controlfield tag="005">20160216</controlfield>
         <controlfield tag="008">160216n||az|||||||##########||||||||||||</controlfield>
         <datafield tag="040" ind1=" " ind2=" ">
            <subfield code="a">E-Gs</subfield>
         </datafield>
         <datafield tag="043" ind1=" " ind2=" ">
            <subfield code="c">XA-ES</subfield>
         </datafield>
         <datafield tag="110" ind1="2" ind2=" ">
            <subfield code="a">Arxiu diocesà i Biblioteca diocesana del Seminari de Girona</subfield>
            <subfield code="c">Girona</subfield>
            <subfield code="g">E-Gs</subfield>
         </datafield>
         <datafield tag="410" ind1="2" ind2=" ">
            <subfield code="a">Archivo diocesano i Biblioteca diocesana del Seminario de Girona</subfield>
         </datafield>
         <datafield tag="622" ind1=" " ind2=" ">
            <subfield code="e">Arxiu diocesà i Biblioteca diocesana del,  Seminari de Girona, 3a Planta, Pujada Sant Martí, 12., 17004 Girona, Spain</subfield>
            <subfield code="u">http://www.arxiuadg.org</subfield>
         </datafield>
      </record>