
      <record>
         <leader>00000nz  a2200169   4500</leader>
         <controlfield tag="001">30079603</controlfield>
         <controlfield tag="003">RISM</controlfield>
         <controlfield tag="005">20160216</controlfield>
         <controlfield tag="008">160216n||az|||||||##########||||||||||||</controlfield>
         <datafield tag="040" ind1=" " ind2=" ">
            <subfield code="a">E-Gsd</subfield>
         </datafield>
         <datafield tag="043" ind1=" " ind2=" ">
            <subfield code="c">ES</subfield>
         </datafield>
         <datafield tag="110" ind1="2" ind2=" ">
            <subfield code="a">Arxiu del Monestir de Sant Daniel de Girona (AMSDG)</subfield>
            <subfield code="c">Girona</subfield>
            <subfield code="g">E-Gsd</subfield>
         </datafield>
         <datafield tag="622" ind1=" " ind2=" ">
            <subfield code="e">Arxiu del Monestir de Sant Daniel de,  Girona (AMSDG), c/ Monges, 2, 17007  Girona, Spain</subfield>
            <subfield code="u">http://www.federaciobenedictines.cat/wordpress/</subfield>
         </datafield>
      </record>