
      <record>
         <leader>00000nz  a2200169   4500</leader>
         <controlfield tag="001">30079665</controlfield>
         <controlfield tag="003">RISM</controlfield>
         <controlfield tag="005">20160216</controlfield>
         <controlfield tag="008">160216n||az|||||||##########||||||||||||</controlfield>
         <datafield tag="040" ind1=" " ind2=" ">
            <subfield code="a">E-GTX</subfield>
         </datafield>
         <datafield tag="043" ind1=" " ind2=" ">
            <subfield code="c">ES</subfield>
         </datafield>
         <datafield tag="110" ind1="2" ind2=" ">
            <subfield code="a">Biblioteca de la Escuela de Música Municipal “Andrés Isasi”</subfield>
            <subfield code="c">Getxo</subfield>
            <subfield code="g">E-GTX</subfield>
         </datafield>
         <datafield tag="622" ind1=" " ind2=" ">
            <subfield code="e">Biblioteca de la Escuela de Música,  Municipal “Andrés Isasi”, c/ Las Mercedes, 6, 48930 Getxo, Spain</subfield>
            <subfield code="u">http://www.getxo.net/es/musika-eskola</subfield>
         </datafield>
      </record>