
      <record>
         <leader>00000nz  a2200169   4500</leader>
         <controlfield tag="001">30001375</controlfield>
         <controlfield tag="003">RISM</controlfield>
         <controlfield tag="005">20160216</controlfield>
         <controlfield tag="008">160216n||az|||||||##########||||||||||||</controlfield>
         <datafield tag="040" ind1=" " ind2=" ">
            <subfield code="a">E-GU</subfield>
         </datafield>
         <datafield tag="043" ind1=" " ind2=" ">
            <subfield code="c">XA-ES</subfield>
         </datafield>
         <datafield tag="110" ind1="2" ind2=" ">
            <subfield code="a">Biblioteca y Archivo del Real Monasterio de Santa María</subfield>
            <subfield code="c">Guadalupe</subfield>
            <subfield code="g">E-GU</subfield>
         </datafield>
         <datafield tag="410" ind1="2" ind2=" ">
            <subfield code="a">Monasterio de Guadalupe, Archivo Musical</subfield>
         </datafield>
         <datafield tag="622" ind1=" " ind2=" ">
            <subfield code="e">Biblioteca y Archivo del Real Monasterio,  de Santa María, 10140 Guadalupe, Spain</subfield>
            <subfield code="u">http://monasterioguadalupe.com/?page_id=2007</subfield>
         </datafield>
      </record>