
      <record>
         <leader>00000nz  a2200169   4500</leader>
         <controlfield tag="001">30079554</controlfield>
         <controlfield tag="003">RISM</controlfield>
         <controlfield tag="005">20160216</controlfield>
         <controlfield tag="008">160216n||az|||||||##########||||||||||||</controlfield>
         <datafield tag="040" ind1=" " ind2=" ">
            <subfield code="a">E-GUA</subfield>
         </datafield>
         <datafield tag="043" ind1=" " ind2=" ">
            <subfield code="c">ES</subfield>
         </datafield>
         <datafield tag="110" ind1="2" ind2=" ">
            <subfield code="a">Archivo Diocesano y Capitular de Guadix-Baza</subfield>
            <subfield code="c">Guadix</subfield>
            <subfield code="g">E-GUA</subfield>
         </datafield>
         <datafield tag="622" ind1=" " ind2=" ">
            <subfield code="e">Archivo Diocesano y Capitular de,  Guadix-Baza, Iglesia de la Magdalena, c/ Real de Santo Domingo, 18500  Guadix, Spain</subfield>
            <subfield code="u">http://www.diocesisdeguadixbaza.org/</subfield>
         </datafield>
      </record>