
      <record>
         <leader>00000nz  a2200169   4500</leader>
         <controlfield tag="001">30076554</controlfield>
         <controlfield tag="003">RISM</controlfield>
         <controlfield tag="005">20160216</controlfield>
         <controlfield tag="008">160216n||az|||||||##########||||||||||||</controlfield>
         <datafield tag="040" ind1=" " ind2=" ">
            <subfield code="a">E-GUE</subfield>
         </datafield>
         <datafield tag="043" ind1=" " ind2=" ">
            <subfield code="c">XA-ES</subfield>
         </datafield>
         <datafield tag="110" ind1="2" ind2=" ">
            <subfield code="a">Iglesia Parroquial de Santa María, Archivo Ojanguren</subfield>
            <subfield code="c">Guernica y Luno (Vizcaya)</subfield>
            <subfield code="g">E-GUE</subfield>
         </datafield>
         <datafield tag="410" ind1="2" ind2=" ">
            <subfield code="a">Gernika-Lumo, Iglesia Parroquial de Santa María</subfield>
         </datafield>
         <datafield tag="410" ind1="2" ind2=" ">
            <subfield code="a">Gernika, Iglesia Parroquial de Santa María</subfield>
         </datafield>
         <datafield tag="622" ind1=" " ind2=" ">
            <subfield code="e">Iglesia Parroquial de Santa María,, Archivo Ojanguren, Goienkalea, 48300 Guernica y Luno, Spain</subfield>
         </datafield>
      </record>