
      <record>
         <leader>00000nz  a2200169   4500</leader>
         <controlfield tag="001">30078124</controlfield>
         <controlfield tag="003">RISM</controlfield>
         <controlfield tag="005">20160216</controlfield>
         <controlfield tag="008">160216n||az|||||||##########||||||||||||</controlfield>
         <datafield tag="040" ind1=" " ind2=" ">
            <subfield code="a">E-Hbp</subfield>
         </datafield>
         <datafield tag="043" ind1=" " ind2=" ">
            <subfield code="c">ES</subfield>
         </datafield>
         <datafield tag="110" ind1="2" ind2=" ">
            <subfield code="a">Biblioteca Pública del Estado</subfield>
            <subfield code="c">Huesca</subfield>
            <subfield code="g">E-Hbp</subfield>
         </datafield>
         <datafield tag="622" ind1=" " ind2=" ">
            <subfield code="e">Biblioteca Pública del Estado, Avda. Pirineos, 2, 22004 Huesca, Spain</subfield>
            <subfield code="u">http://www.bibliotecaspublicas.es/b-huesca/index.jsp</subfield>
         </datafield>
      </record>