
      <record>
         <leader>00000nz  a2200169   4500</leader>
         <controlfield tag="001">30079583</controlfield>
         <controlfield tag="003">RISM</controlfield>
         <controlfield tag="005">20160216</controlfield>
         <controlfield tag="008">160216n||az|||||||##########||||||||||||</controlfield>
         <datafield tag="040" ind1=" " ind2=" ">
            <subfield code="a">E-HEsc</subfield>
         </datafield>
         <datafield tag="043" ind1=" " ind2=" ">
            <subfield code="c">ES</subfield>
         </datafield>
         <datafield tag="110" ind1="2" ind2=" ">
            <subfield code="a">Convento de Santa Clara, Archivo</subfield>
            <subfield code="c">Hellín</subfield>
            <subfield code="g">E-HEsc</subfield>
         </datafield>
         <datafield tag="622" ind1=" " ind2=" ">
            <subfield code="e">Convento de Santa Clara, Archivo, Carretera de Liétor, 02400  Hellín, Spain</subfield>
         </datafield>
      </record>