
      <record>
         <leader>00000nz  a2200169   4500</leader>
         <controlfield tag="001">30079051</controlfield>
         <controlfield tag="003">RISM</controlfield>
         <controlfield tag="005">20160216</controlfield>
         <controlfield tag="008">160216n||az|||||||##########||||||||||||</controlfield>
         <datafield tag="040" ind1=" " ind2=" ">
            <subfield code="a">E-IG</subfield>
         </datafield>
         <datafield tag="043" ind1=" " ind2=" ">
            <subfield code="c">ES</subfield>
         </datafield>
         <datafield tag="110" ind1="2" ind2=" ">
            <subfield code="a">Arxiu Comarcal de l'Anoia (ACAN)</subfield>
            <subfield code="c">Igualada</subfield>
            <subfield code="g">E-IG</subfield>
         </datafield>
         <datafield tag="410" ind1="2" ind2=" ">
            <subfield code="a">Archivo Comarcal de la Anoia</subfield>
         </datafield>
         <datafield tag="410" ind1="2" ind2=" ">
            <subfield code="a">Arxiu Municipal d'Igualada</subfield>
         </datafield>
         <datafield tag="622" ind1=" " ind2=" ">
            <subfield code="e">Arxiu Comarcal de l'Anoia (ACAN), Plaça de la Creu, 18, 08700 Igualada, Spain</subfield>
            <subfield code="u">http://cultura.gencat.cat/arxius/acan</subfield>
         </datafield>
      </record>