
      <record>
         <leader>00000nz  a2200169   4500</leader>
         <controlfield tag="001">30079575</controlfield>
         <controlfield tag="003">RISM</controlfield>
         <controlfield tag="005">20160216</controlfield>
         <controlfield tag="008">160216n||az|||||||##########||||||||||||</controlfield>
         <datafield tag="040" ind1=" " ind2=" ">
            <subfield code="a">E-INbs</subfield>
         </datafield>
         <datafield tag="043" ind1=" " ind2=" ">
            <subfield code="c">ES</subfield>
         </datafield>
         <datafield tag="110" ind1="2" ind2=" ">
            <subfield code="a">Fundación Canaria Blas Sánchez</subfield>
            <subfield code="c">Ingenio (Gran Canaria)</subfield>
            <subfield code="g">E-INbs</subfield>
         </datafield>
         <datafield tag="622" ind1=" " ind2=" ">
            <subfield code="e">Fundación Canaria Blas Sánchez, c/ Cervantes, 18, 35250 Ingenio (Gran Canaria), Spain</subfield>
            <subfield code="u">http://www.blassanchez.org/</subfield>
         </datafield>
      </record>