
      <record>
         <leader>00000nz  a2200169   4500</leader>
         <controlfield tag="001">30001376</controlfield>
         <controlfield tag="003">RISM</controlfield>
         <controlfield tag="005">20160216</controlfield>
         <controlfield tag="008">160216n||az|||||||##########||||||||||||</controlfield>
         <datafield tag="040" ind1=" " ind2=" ">
            <subfield code="a">E-J</subfield>
         </datafield>
         <datafield tag="043" ind1=" " ind2=" ">
            <subfield code="c">XA-ES</subfield>
         </datafield>
         <datafield tag="110" ind1="2" ind2=" ">
            <subfield code="a">Catedral de Jaca, Archivo Musical</subfield>
            <subfield code="c">Jaca</subfield>
            <subfield code="g">E-J</subfield>
         </datafield>
         <datafield tag="410" ind1="2" ind2=" ">
            <subfield code="a">Archivo Capitular de la Catedral</subfield>
         </datafield>
         <datafield tag="622" ind1=" " ind2=" ">
            <subfield code="e">Catedral de Jaca, Archivo Musical, Pz. de la Catedral s/n, 22700 Jaca, Spain</subfield>
            <subfield code="u">http://www.diocesisdejaca.org/</subfield>
         </datafield>
      </record>