
      <record>
         <leader>00000nz  a2200169   4500</leader>
         <controlfield tag="001">30001377</controlfield>
         <controlfield tag="003">RISM</controlfield>
         <controlfield tag="005">20160216</controlfield>
         <controlfield tag="008">160216n||az|||||||##########||||||||||||</controlfield>
         <datafield tag="040" ind1=" " ind2=" ">
            <subfield code="a">E-JA</subfield>
         </datafield>
         <datafield tag="043" ind1=" " ind2=" ">
            <subfield code="c">XA-ES</subfield>
         </datafield>
         <datafield tag="110" ind1="2" ind2=" ">
            <subfield code="a">Archivo Histórico Diocesano y Biblioteca Capitular</subfield>
            <subfield code="c">Jaén</subfield>
            <subfield code="g">E-JA</subfield>
         </datafield>
         <datafield tag="622" ind1=" " ind2=" ">
            <subfield code="e">Archivo Histórico Diocesano y Biblioteca,  Capitular, Santa Iglesia Catedral, Pl. Santa María, s/n, 23002 Jaén, Spain</subfield>
            <subfield code="u">http://catedraldejaen.org/noticias/index.php</subfield>
         </datafield>
      </record>