
      <record>
         <leader>00000nz  a2200169   4500</leader>
         <controlfield tag="001">30005469</controlfield>
         <controlfield tag="003">RISM</controlfield>
         <controlfield tag="005">20160216</controlfield>
         <controlfield tag="008">160216n||az|||||||##########||||||||||||</controlfield>
         <datafield tag="040" ind1=" " ind2=" ">
            <subfield code="a">E-JEa</subfield>
         </datafield>
         <datafield tag="043" ind1=" " ind2=" ">
            <subfield code="c">XA-ES</subfield>
         </datafield>
         <datafield tag="110" ind1="2" ind2=" ">
            <subfield code="a">Archivo Municipal</subfield>
            <subfield code="c">Jerez de la Frontera</subfield>
            <subfield code="g">E-JEa</subfield>
         </datafield>
         <datafield tag="622" ind1=" " ind2=" ">
            <subfield code="e">Archivo Municipal, Plaza General Primo de Rivera, 7 y 8, 11403 Jerez de la Frontera, Spain</subfield>
            <subfield code="u">http://www.jerez.es/webs_municipales/turismo_cultura_y_fiestas/servicios/archivo_municipal/</subfield>
         </datafield>
      </record>