
      <record>
         <leader>00000nz  a2200169   4500</leader>
         <controlfield tag="001">30005470</controlfield>
         <controlfield tag="003">RISM</controlfield>
         <controlfield tag="005">20160216</controlfield>
         <controlfield tag="008">160216n||az|||||||##########||||||||||||</controlfield>
         <datafield tag="040" ind1=" " ind2=" ">
            <subfield code="a">E-JEc</subfield>
         </datafield>
         <datafield tag="043" ind1=" " ind2=" ">
            <subfield code="c">XA-ES</subfield>
         </datafield>
         <datafield tag="110" ind1="2" ind2=" ">
            <subfield code="a">Archivo Diocesano Asidonia Jerez</subfield>
            <subfield code="c">Jerez de la Frontera</subfield>
            <subfield code="g">E-JEc</subfield>
         </datafield>
         <datafield tag="410" ind1="2" ind2=" ">
            <subfield code="a">Colegiata</subfield>
         </datafield>
         <datafield tag="622" ind1=" " ind2=" ">
            <subfield code="e">Archivo Diocesano Asidonia Jerez, Pl. del Arroyo, 50, 11403 Jerez de la Frontera, Spain</subfield>
            <subfield code="u">http://www.diocesisdejerez.org/index.php/fondos-del-archivo-y-biblioteca</subfield>
         </datafield>
      </record>