
      <record>
         <leader>00000nz  a2200169   4500</leader>
         <controlfield tag="001">30006209</controlfield>
         <controlfield tag="003">RISM</controlfield>
         <controlfield tag="005">20160216</controlfield>
         <controlfield tag="008">160216n||az|||||||##########||||||||||||</controlfield>
         <datafield tag="040" ind1=" " ind2=" ">
            <subfield code="a">E-JEf</subfield>
         </datafield>
         <datafield tag="043" ind1=" " ind2=" ">
            <subfield code="c">XA-ES</subfield>
         </datafield>
         <datafield tag="110" ind1="2" ind2=" ">
            <subfield code="a">Cátedra de Flamencología</subfield>
            <subfield code="c">Jerez de la Frontera</subfield>
            <subfield code="g">E-JEf</subfield>
         </datafield>
         <datafield tag="622" ind1=" " ind2=" ">
            <subfield code="e">Cátedra de Flamencología, Pz. de San Juan, 1, 11403 Jerez de la Frontera, Spain</subfield>
         </datafield>
      </record>