
      <record>
         <leader>00000nz  a2200169   4500</leader>
         <controlfield tag="001">30003295</controlfield>
         <controlfield tag="003">RISM</controlfield>
         <controlfield tag="005">20160216</controlfield>
         <controlfield tag="008">160216n||az|||||||##########||||||||||||</controlfield>
         <datafield tag="040" ind1=" " ind2=" ">
            <subfield code="a">E-Lc</subfield>
         </datafield>
         <datafield tag="043" ind1=" " ind2=" ">
            <subfield code="c">XA-ES</subfield>
         </datafield>
         <datafield tag="110" ind1="2" ind2=" ">
            <subfield code="a">Archivo y Biblioteca de la Colegiata de San Isidoro</subfield>
            <subfield code="c">León</subfield>
            <subfield code="g">E-Lc</subfield>
         </datafield>
         <datafield tag="622" ind1=" " ind2=" ">
            <subfield code="e">Archivo y Biblioteca de la Colegiata de,  San Isidoro, Plaza de San Isodoro 4, 24003 León, Spain</subfield>
            <subfield code="u">http://www.museosanisidorodeleon.com/</subfield>
         </datafield>
      </record>