
      <record>
         <leader>00000nz  a2200169   4500</leader>
         <controlfield tag="001">30080148</controlfield>
         <controlfield tag="003">RISM</controlfield>
         <controlfield tag="005">20160216</controlfield>
         <controlfield tag="008">160216n||az|||||||##########||||||||||||</controlfield>
         <datafield tag="040" ind1=" " ind2=" ">
            <subfield code="a">E-LCbfb</subfield>
         </datafield>
         <datafield tag="043" ind1=" " ind2=" ">
            <subfield code="c">ES</subfield>
         </datafield>
         <datafield tag="110" ind1="2" ind2=" ">
            <subfield code="a">Biblioteca de la Fundación Barrié</subfield>
            <subfield code="c">A Coruña</subfield>
            <subfield code="g">E-LCbfb</subfield>
         </datafield>
         <datafield tag="622" ind1=" " ind2=" ">
            <subfield code="e">Biblioteca de la Fundación Barrié, Cantón Grande, 9, 15003 A Coruña, Spain</subfield>
            <subfield code="u">http://www.fundacionbarrie.org/es/servicios/biblioteca</subfield>
         </datafield>
      </record>