
      <record>
         <leader>00000nz  a2200169   4500</leader>
         <controlfield tag="001">30079643</controlfield>
         <controlfield tag="003">RISM</controlfield>
         <controlfield tag="005">20160216</controlfield>
         <controlfield tag="008">160216n||az|||||||##########||||||||||||</controlfield>
         <datafield tag="040" ind1=" " ind2=" ">
            <subfield code="a">E-LCm</subfield>
         </datafield>
         <datafield tag="043" ind1=" " ind2=" ">
            <subfield code="c">ES</subfield>
         </datafield>
         <datafield tag="110" ind1="2" ind2=" ">
            <subfield code="a">Arquivo Municipal da Coruña</subfield>
            <subfield code="c">A Coruña</subfield>
            <subfield code="g">E-LCm</subfield>
         </datafield>
         <datafield tag="622" ind1=" " ind2=" ">
            <subfield code="e">Arquivo Municipal da Coruña, c/ Durán Loriga, 10, 3º, 15003 A Coruña, Spain</subfield>
            <subfield code="u">http://www.coruna.es/archivomunicipal</subfield>
         </datafield>
      </record>