
      <record>
         <leader>00000nz  a2200169   4500</leader>
         <controlfield tag="001">30079645</controlfield>
         <controlfield tag="003">RISM</controlfield>
         <controlfield tag="005">20160216</controlfield>
         <controlfield tag="008">160216n||az|||||||##########||||||||||||</controlfield>
         <datafield tag="040" ind1=" " ind2=" ">
            <subfield code="a">E-LCrag</subfield>
         </datafield>
         <datafield tag="043" ind1=" " ind2=" ">
            <subfield code="c">ES</subfield>
         </datafield>
         <datafield tag="110" ind1="2" ind2=" ">
            <subfield code="a">Real Academia Galega. Arquivo</subfield>
            <subfield code="c">A Coruña</subfield>
            <subfield code="g">E-LCrag</subfield>
         </datafield>
         <datafield tag="622" ind1=" " ind2=" ">
            <subfield code="e">Real Academia Galega. Arquivo, c/ Tabernas, 11, 15001 A Coruña, Spain</subfield>
            <subfield code="u">http://www.realacademiagalega.org/</subfield>
         </datafield>
      </record>