
      <record>
         <leader>00000nz  a2200169   4500</leader>
         <controlfield tag="001">30079642</controlfield>
         <controlfield tag="003">RISM</controlfield>
         <controlfield tag="005">20160216</controlfield>
         <controlfield tag="008">160216n||az|||||||##########||||||||||||</controlfield>
         <datafield tag="040" ind1=" " ind2=" ">
            <subfield code="a">E-LCsmc</subfield>
         </datafield>
         <datafield tag="043" ind1=" " ind2=" ">
            <subfield code="c">ES</subfield>
         </datafield>
         <datafield tag="110" ind1="2" ind2=" ">
            <subfield code="a">Archivo de la Colegiata de Santa María del Campo</subfield>
            <subfield code="c">A Coruña</subfield>
            <subfield code="g">E-LCsmc</subfield>
         </datafield>
         <datafield tag="622" ind1=" " ind2=" ">
            <subfield code="e">Archivo de la Colegiata de Santa María,  del Campo, Pza. de Santa María, 1, 15001 A Coruña, Spain</subfield>
         </datafield>
      </record>