
      <record>
         <leader>00000nz  a2200169   4500</leader>
         <controlfield tag="001">30079607</controlfield>
         <controlfield tag="003">RISM</controlfield>
         <controlfield tag="005">20160216</controlfield>
         <controlfield tag="008">160216n||az|||||||##########||||||||||||</controlfield>
         <datafield tag="040" ind1=" " ind2=" ">
            <subfield code="a">E-LEa</subfield>
         </datafield>
         <datafield tag="043" ind1=" " ind2=" ">
            <subfield code="c">ES</subfield>
         </datafield>
         <datafield tag="110" ind1="2" ind2=" ">
            <subfield code="a">Arxiu Municipal de Lleida</subfield>
            <subfield code="c">Lleida</subfield>
            <subfield code="g">E-LEa</subfield>
         </datafield>
         <datafield tag="622" ind1=" " ind2=" ">
            <subfield code="e">Arxiu Municipal de Lleida, Pza. Paeria, 1, 25007 Lleida, Spain</subfield>
            <subfield code="u">http://cultura.paeria.es/ca/arxiuMunicipal/</subfield>
         </datafield>
      </record>