
      <record>
         <leader>00000nz  a2200169   4500</leader>
         <controlfield tag="001">30001378</controlfield>
         <controlfield tag="003">RISM</controlfield>
         <controlfield tag="005">20160216</controlfield>
         <controlfield tag="008">160216n||az|||||||##########||||||||||||</controlfield>
         <datafield tag="040" ind1=" " ind2=" ">
            <subfield code="a">E-LEc</subfield>
         </datafield>
         <datafield tag="043" ind1=" " ind2=" ">
            <subfield code="c">XA-ES</subfield>
         </datafield>
         <datafield tag="110" ind1="2" ind2=" ">
            <subfield code="a">Arxiu Capitular de la Catedral de Lleida</subfield>
            <subfield code="c">Lleida</subfield>
            <subfield code="g">E-LEc</subfield>
         </datafield>
         <datafield tag="410" ind1="2" ind2=" ">
            <subfield code="a">Archivo Capitular de la Catedral de Lleida</subfield>
         </datafield>
         <datafield tag="622" ind1=" " ind2=" ">
            <subfield code="e">Arxiu Capitular de la Catedral de Lleida, Plaça Almudí Vell s/n, 25007 Lleida, Spain</subfield>
            <subfield code="u">http://www.acl.cat</subfield>
         </datafield>
      </record>