
      <record>
         <leader>00000nz  a2200169   4500</leader>
         <controlfield tag="001">30006413</controlfield>
         <controlfield tag="003">RISM</controlfield>
         <controlfield tag="005">20160216</controlfield>
         <controlfield tag="008">160216n||az|||||||##########||||||||||||</controlfield>
         <datafield tag="040" ind1=" " ind2=" ">
            <subfield code="a">E-LEDc</subfield>
         </datafield>
         <datafield tag="043" ind1=" " ind2=" ">
            <subfield code="c">XA-ES</subfield>
         </datafield>
         <datafield tag="110" ind1="2" ind2=" ">
            <subfield code="a">Iglesia de Santa María la Mayor, Archivo</subfield>
            <subfield code="c">Ledesma</subfield>
            <subfield code="g">E-LEDc</subfield>
         </datafield>
         <datafield tag="410" ind1="2" ind2=" ">
            <subfield code="a">Colegiata de Santa María</subfield>
         </datafield>
         <datafield tag="622" ind1=" " ind2=" ">
            <subfield code="e">Iglesia de Santa María la Mayor, Archivo, Pl. Mayor, s/n, 37100 Ledesma, Spain</subfield>
         </datafield>
      </record>