
      <record>
         <leader>00000nz  a2200169   4500</leader>
         <controlfield tag="001">30079609</controlfield>
         <controlfield tag="003">RISM</controlfield>
         <controlfield tag="005">20160216</controlfield>
         <controlfield tag="008">160216n||az|||||||##########||||||||||||</controlfield>
         <datafield tag="040" ind1=" " ind2=" ">
            <subfield code="a">E-LEie</subfield>
         </datafield>
         <datafield tag="043" ind1=" " ind2=" ">
            <subfield code="c">ES</subfield>
         </datafield>
         <datafield tag="110" ind1="2" ind2=" ">
            <subfield code="a">Institut d’Estudis Ilerdencs. Servei d’Arxiu i Llegats</subfield>
            <subfield code="c">Lleida</subfield>
            <subfield code="g">E-LEie</subfield>
         </datafield>
         <datafield tag="622" ind1=" " ind2=" ">
            <subfield code="e">Institut d’Estudis Ilerdencs. Servei,  d’Arxiu i Llegats, Pza. Catedral, s/n, 25002 Lleida, Spain</subfield>
            <subfield code="u">http://www.fpiei.cat/ca/serveis/servei-arxiu-llegats</subfield>
         </datafield>
      </record>