
      <record>
         <leader>00000nz  a2200169   4500</leader>
         <controlfield tag="001">30079608</controlfield>
         <controlfield tag="003">RISM</controlfield>
         <controlfield tag="005">20160216</controlfield>
         <controlfield tag="008">160216n||az|||||||##########||||||||||||</controlfield>
         <datafield tag="040" ind1=" " ind2=" ">
            <subfield code="a">E-LEjm</subfield>
         </datafield>
         <datafield tag="043" ind1=" " ind2=" ">
            <subfield code="c">ES</subfield>
         </datafield>
         <datafield tag="110" ind1="2" ind2=" ">
            <subfield code="a">Centre de Documentació del Museu d'Art Jaume Morera</subfield>
            <subfield code="c">Lleida</subfield>
            <subfield code="g">E-LEjm</subfield>
         </datafield>
         <datafield tag="622" ind1=" " ind2=" ">
            <subfield code="e">Centre de Documentació del Museu d'Art,  Jaume Morera, Edifici Casino Principal, c/ Major, 31, 25007 Lleida, Spain</subfield>
            <subfield code="u">http://mmorera.paeria.es/index.php?op=30&amp;module=editor</subfield>
         </datafield>
      </record>