
      <record>
         <leader>00000nz  a2200169   4500</leader>
         <controlfield tag="001">30001379</controlfield>
         <controlfield tag="003">RISM</controlfield>
         <controlfield tag="005">20160216</controlfield>
         <controlfield tag="008">160216n||az|||||||##########||||||||||||</controlfield>
         <datafield tag="040" ind1=" " ind2=" ">
            <subfield code="a">E-LEm</subfield>
         </datafield>
         <datafield tag="043" ind1=" " ind2=" ">
            <subfield code="c">XA-ES</subfield>
         </datafield>
         <datafield tag="110" ind1="2" ind2=" ">
            <subfield code="a">Museo Diocesano y Comarcal de Lleida</subfield>
            <subfield code="c">Lleida</subfield>
            <subfield code="g">E-LEm</subfield>
         </datafield>
         <datafield tag="410" ind1="2" ind2=" ">
            <subfield code="a">Museo Diocesano del Seminaro</subfield>
         </datafield>
         <datafield tag="622" ind1=" " ind2=" ">
            <subfield code="e">Museo Diocesano y Comarcal de Lleida, C/ del Bisbe, 1, 25002 Lleida, Spain</subfield>
         </datafield>
      </record>