
      <record>
         <leader>00000nz  a2200169   4500</leader>
         <controlfield tag="001">30079666</controlfield>
         <controlfield tag="003">RISM</controlfield>
         <controlfield tag="005">20160216</controlfield>
         <controlfield tag="008">160216n||az|||||||##########||||||||||||</controlfield>
         <datafield tag="040" ind1=" " ind2=" ">
            <subfield code="a">E-LGD</subfield>
         </datafield>
         <datafield tag="043" ind1=" " ind2=" ">
            <subfield code="c">ES</subfield>
         </datafield>
         <datafield tag="110" ind1="2" ind2=" ">
            <subfield code="a">Casa Parroquial de Laguardia</subfield>
            <subfield code="c">Laguardia</subfield>
            <subfield code="g">E-LGD</subfield>
         </datafield>
         <datafield tag="622" ind1=" " ind2=" ">
            <subfield code="e">Casa Parroquial de Laguardia, c/ Samaniego, 3, 01300 Laguardia, Spain</subfield>
         </datafield>
      </record>