
      <record>
         <leader>00000nz  a2200169   4500</leader>
         <controlfield tag="001">30079589</controlfield>
         <controlfield tag="003">RISM</controlfield>
         <controlfield tag="005">20160216</controlfield>
         <controlfield tag="008">160216n||az|||||||##########||||||||||||</controlfield>
         <datafield tag="040" ind1=" " ind2=" ">
            <subfield code="a">E-Lic</subfield>
         </datafield>
         <datafield tag="043" ind1=" " ind2=" ">
            <subfield code="c">ES</subfield>
         </datafield>
         <datafield tag="110" ind1="2" ind2=" ">
            <subfield code="a">Instituto Leonés de Cultura</subfield>
            <subfield code="c">León</subfield>
            <subfield code="g">E-Lic</subfield>
         </datafield>
         <datafield tag="622" ind1=" " ind2=" ">
            <subfield code="e">Instituto Leonés de Cultura, Puerta de la Reina, 1, 24003 León, Spain</subfield>
            <subfield code="u">http://www.institutoleonesdecultura.es/InstitutoLeonesDeCultura/Presentacion/index.html</subfield>
         </datafield>
      </record>