
      <record>
         <leader>00000nz  a2200169   4500</leader>
         <controlfield tag="001">30079557</controlfield>
         <controlfield tag="003">RISM</controlfield>
         <controlfield tag="005">20160216</controlfield>
         <controlfield tag="008">160216n||az|||||||##########||||||||||||</controlfield>
         <datafield tag="040" ind1=" " ind2=" ">
            <subfield code="a">E-LINas</subfield>
         </datafield>
         <datafield tag="043" ind1=" " ind2=" ">
            <subfield code="c">ES</subfield>
         </datafield>
         <datafield tag="110" ind1="2" ind2=" ">
            <subfield code="a">Fundación Centro de Documentación Musical Casa Museo Andrés Segovia</subfield>
            <subfield code="c">Linares</subfield>
            <subfield code="g">E-LINas</subfield>
         </datafield>
         <datafield tag="622" ind1=" " ind2=" ">
            <subfield code="e">Fundación Centro de Documentación,  Musical Casa Museo Andrés Segovia, c/ Cánovas del Castillo, 59, 23700 Linares, Spain</subfield>
            <subfield code="u">http://www.segoviamuseo.com/</subfield>
         </datafield>
      </record>