
      <record>
         <leader>00000nz  a2200169   4500</leader>
         <controlfield tag="001">30080149</controlfield>
         <controlfield tag="003">RISM</controlfield>
         <controlfield tag="005">20160216</controlfield>
         <controlfield tag="008">160216n||az|||||||##########||||||||||||</controlfield>
         <datafield tag="040" ind1=" " ind2=" ">
            <subfield code="a">E-LLA</subfield>
         </datafield>
         <datafield tag="043" ind1=" " ind2=" ">
            <subfield code="c">ES</subfield>
         </datafield>
         <datafield tag="110" ind1="2" ind2=" ">
            <subfield code="a">Archivo Municipal de Llanes</subfield>
            <subfield code="c">Llanes</subfield>
            <subfield code="g">E-LLA</subfield>
         </datafield>
         <datafield tag="622" ind1=" " ind2=" ">
            <subfield code="e">Archivo Municipal de Llanes, c/ Nemesio Sobrino, s/n, 33500  Llanes, Spain</subfield>
            <subfield code="u">http://www.ayuntamientodellanes.com/es/portal.do?TR=C&amp;IDR=536</subfield>
         </datafield>
      </record>