
      <record>
         <leader>00000nz  a2200169   4500</leader>
         <controlfield tag="001">30080194</controlfield>
         <controlfield tag="003">RISM</controlfield>
         <controlfield tag="005">20160216</controlfield>
         <controlfield tag="008">160216n||az|||||||##########||||||||||||</controlfield>
         <datafield tag="040" ind1=" " ind2=" ">
            <subfield code="a">E-LLam</subfield>
         </datafield>
         <datafield tag="043" ind1=" " ind2=" ">
            <subfield code="c">ES</subfield>
         </datafield>
         <datafield tag="110" ind1="2" ind2=" ">
            <subfield code="a">Archivo Municipal de La Laguna</subfield>
            <subfield code="c">La Laguna</subfield>
            <subfield code="g">E-LLam</subfield>
         </datafield>
         <datafield tag="622" ind1=" " ind2=" ">
            <subfield code="e">Archivo Municipal de La Laguna, Consistorio, 4, 38201 La Laguna, Spain</subfield>
            <subfield code="u">http://www.aytolalaguna.com/</subfield>
         </datafield>
      </record>