
      <record>
         <leader>00000nz  a2200169   4500</leader>
         <controlfield tag="001">30079577</controlfield>
         <controlfield tag="003">RISM</controlfield>
         <controlfield tag="005">20160216</controlfield>
         <controlfield tag="008">160216n||az|||||||##########||||||||||||</controlfield>
         <datafield tag="040" ind1=" " ind2=" ">
            <subfield code="a">E-LLc</subfield>
         </datafield>
         <datafield tag="043" ind1=" " ind2=" ">
            <subfield code="c">ES</subfield>
         </datafield>
         <datafield tag="110" ind1="2" ind2=" ">
            <subfield code="a">Catedral de San Cristóbal de La Laguna. Archivo de Música</subfield>
            <subfield code="c">San Cristóbal de La Laguna (Tenerife)</subfield>
            <subfield code="g">E-LLc</subfield>
         </datafield>
         <datafield tag="622" ind1=" " ind2=" ">
            <subfield code="e">Catedral de San Cristóbal de La Laguna.,  Archivo de Música, Pza. Fray Albino, s/n, 38201 San Cristóbal de La Laguna,  (Tenerife), Spain</subfield>
            <subfield code="u">http://www.catedraldelalaguna.blogspot.com.es/</subfield>
         </datafield>
      </record>