
      <record>
         <leader>00000nz  a2200169   4500</leader>
         <controlfield tag="001">30079576</controlfield>
         <controlfield tag="003">RISM</controlfield>
         <controlfield tag="005">20160216</controlfield>
         <controlfield tag="008">160216n||az|||||||##########||||||||||||</controlfield>
         <datafield tag="040" ind1=" " ind2=" ">
            <subfield code="a">E-LLh</subfield>
         </datafield>
         <datafield tag="043" ind1=" " ind2=" ">
            <subfield code="c">ES</subfield>
         </datafield>
         <datafield tag="110" ind1="2" ind2=" ">
            <subfield code="a">Archivo Histórico Provincial de Santa Cruz de Tenerife</subfield>
            <subfield code="c">San Cristóbal de La Laguna (Tenerife)</subfield>
            <subfield code="g">E-LLh</subfield>
         </datafield>
         <datafield tag="622" ind1=" " ind2=" ">
            <subfield code="e">Archivo Histórico Provincial de Santa,  Cruz de Tenerife, Camino de la Hornera, 78, 38296 San Cristóbal de La Laguna,  (Tenerife), Spain</subfield>
            <subfield code="u">http://www.gobiernodecanarias.org/ccdpsv/cultura/archivosantacruzdetenerife/</subfield>
         </datafield>
      </record>