
      <record>
         <leader>00000nz  a2200169   4500</leader>
         <controlfield tag="001">30006531</controlfield>
         <controlfield tag="003">RISM</controlfield>
         <controlfield tag="005">20160216</controlfield>
         <controlfield tag="008">160216n||az|||||||##########||||||||||||</controlfield>
         <datafield tag="040" ind1=" " ind2=" ">
            <subfield code="a">E-LLu</subfield>
         </datafield>
         <datafield tag="043" ind1=" " ind2=" ">
            <subfield code="c">XA-ES</subfield>
         </datafield>
         <datafield tag="110" ind1="2" ind2=" ">
            <subfield code="a">Universidad, Biblioteca General</subfield>
            <subfield code="c">San Cristóbal de La Laguna (Tenerife)</subfield>
            <subfield code="g">E-LLu</subfield>
         </datafield>
      </record>