
      <record>
         <leader>00000nz  a2200169   4500</leader>
         <controlfield tag="001">30005488</controlfield>
         <controlfield tag="003">RISM</controlfield>
         <controlfield tag="005">20160216</controlfield>
         <controlfield tag="008">160216n||az|||||||##########||||||||||||</controlfield>
         <datafield tag="040" ind1=" " ind2=" ">
            <subfield code="a">E-LO</subfield>
         </datafield>
         <datafield tag="043" ind1=" " ind2=" ">
            <subfield code="c">XA-ES</subfield>
         </datafield>
         <datafield tag="110" ind1="2" ind2=" ">
            <subfield code="a">Archivo de la Catedral de Santa María de La Redonda</subfield>
            <subfield code="c">Logroño</subfield>
            <subfield code="g">E-LO</subfield>
         </datafield>
         <datafield tag="622" ind1=" " ind2=" ">
            <subfield code="e">Archivo de la Catedral de Santa María de,  La Redonda, Av. de la Paz, 114, 26006  Logroño, Spain</subfield>
            <subfield code="u">http://www.laredonda.org/</subfield>
         </datafield>
      </record>