
      <record>
         <leader>00000nz  a2200169   4500</leader>
         <controlfield tag="001">30005471</controlfield>
         <controlfield tag="003">RISM</controlfield>
         <controlfield tag="005">20160216</controlfield>
         <controlfield tag="008">160216n||az|||||||##########||||||||||||</controlfield>
         <datafield tag="040" ind1=" " ind2=" ">
            <subfield code="a">E-LOp</subfield>
         </datafield>
         <datafield tag="043" ind1=" " ind2=" ">
            <subfield code="c">XA-ES</subfield>
         </datafield>
         <datafield tag="110" ind1="2" ind2=" ">
            <subfield code="a">Biblioteca de La Rioja</subfield>
            <subfield code="c">Logroño</subfield>
            <subfield code="g">E-LOp</subfield>
         </datafield>
         <datafield tag="410" ind1="2" ind2=" ">
            <subfield code="a">Biblioteca Pública Provincial</subfield>
         </datafield>
         <datafield tag="622" ind1=" " ind2=" ">
            <subfield code="e">Biblioteca de La Rioja, c/ La Merced, 1, 26001 Logroño, Spain</subfield>
            <subfield code="u">http://www.blr.larioja.org/bonifacio</subfield>
         </datafield>
      </record>