
      <record>
         <leader>00000nz  a2200169   4500</leader>
         <controlfield tag="001">30003294</controlfield>
         <controlfield tag="003">RISM</controlfield>
         <controlfield tag="005">20160216</controlfield>
         <controlfield tag="008">160216n||az|||||||##########||||||||||||</controlfield>
         <datafield tag="040" ind1=" " ind2=" ">
            <subfield code="a">E-LPA</subfield>
         </datafield>
         <datafield tag="043" ind1=" " ind2=" ">
            <subfield code="c">XA-ES</subfield>
         </datafield>
         <datafield tag="110" ind1="2" ind2=" ">
            <subfield code="a">Archivo de Música de la Catedral de las Palmas de Gran Canaria</subfield>
            <subfield code="c">Las Palmas de Gran Canaria</subfield>
            <subfield code="g">E-LPA</subfield>
         </datafield>
         <datafield tag="622" ind1=" " ind2=" ">
            <subfield code="e">Archivo de Música de la Catedral de las,  Palmas de Gran Canaria, Pz. de Santa Ana, s/n, 35001 Las Palmas de Gran Canaria, Spain</subfield>
         </datafield>
      </record>