
      <record>
         <leader>00000nz  a2200169   4500</leader>
         <controlfield tag="001">30006211</controlfield>
         <controlfield tag="003">RISM</controlfield>
         <controlfield tag="005">20160216</controlfield>
         <controlfield tag="008">160216n||az|||||||##########||||||||||||</controlfield>
         <datafield tag="040" ind1=" " ind2=" ">
            <subfield code="a">E-LPAm</subfield>
         </datafield>
         <datafield tag="043" ind1=" " ind2=" ">
            <subfield code="c">XA-ES</subfield>
         </datafield>
         <datafield tag="110" ind1="2" ind2=" ">
            <subfield code="a">Museo Canario. Fondos musicales</subfield>
            <subfield code="c">Las Palmas de Gran Canaria</subfield>
            <subfield code="g">E-LPAm</subfield>
         </datafield>
         <datafield tag="622" ind1=" " ind2=" ">
            <subfield code="e">Museo Canario. Fondos musicales, Vegueta, c/ Doctor Vernau, 2, 35001 Las Palmas de Gran Canaria, Spain</subfield>
            <subfield code="u">http://www.elmuseocanario.com/</subfield>
         </datafield>
      </record>