
      <record>
         <leader>00000nz  a2200169   4500</leader>
         <controlfield tag="001">30079578</controlfield>
         <controlfield tag="003">RISM</controlfield>
         <controlfield tag="005">20160216</controlfield>
         <controlfield tag="008">160216n||az|||||||##########||||||||||||</controlfield>
         <datafield tag="040" ind1=" " ind2=" ">
            <subfield code="a">E-LPAu</subfield>
         </datafield>
         <datafield tag="043" ind1=" " ind2=" ">
            <subfield code="c">ES</subfield>
         </datafield>
         <datafield tag="110" ind1="2" ind2=" ">
            <subfield code="a">Biblioteca de la Universidad de Las Palmas de Gran Canaria</subfield>
            <subfield code="c">Las Palmas de Gran Canaria</subfield>
            <subfield code="g">E-LPAu</subfield>
         </datafield>
         <datafield tag="622" ind1=" " ind2=" ">
            <subfield code="e">Biblioteca de la Universidad de Las,  Palmas de Gran Canaria, Campus de Tafira, s/n, 35017 Las Palmas de Gran Canaria, Spain</subfield>
            <subfield code="u">https://biblioteca.ulpgc.es/</subfield>
         </datafield>
      </record>