
      <record>
         <leader>00000nz  a2200169   4500</leader>
         <controlfield tag="001">30079619</controlfield>
         <controlfield tag="003">RISM</controlfield>
         <controlfield tag="005">20160216</controlfield>
         <controlfield tag="008">160216n||az|||||||##########||||||||||||</controlfield>
         <datafield tag="040" ind1=" " ind2=" ">
            <subfield code="a">E-LRM</subfield>
         </datafield>
         <datafield tag="043" ind1=" " ind2=" ">
            <subfield code="c">ES</subfield>
         </datafield>
         <datafield tag="110" ind1="2" ind2=" ">
            <subfield code="a">Fundación Antón García Abril. Archivo y Documentación</subfield>
            <subfield code="c">Las Rozas de Madrid</subfield>
            <subfield code="g">E-LRM</subfield>
         </datafield>
         <datafield tag="622" ind1=" " ind2=" ">
            <subfield code="e">Fundación Antón García Abril. Archivo y,  Documentación, c/ Cabo Candelaria, 9, 28290 Las Rozas de Madrid, Spain</subfield>
            <subfield code="u">http://www.fundacionantongarciaabril.com/</subfield>
         </datafield>
      </record>