
      <record>
         <leader>00000nz  a2200169   4500</leader>
         <controlfield tag="001">30080175</controlfield>
         <controlfield tag="003">RISM</controlfield>
         <controlfield tag="005">20160216</controlfield>
         <controlfield tag="008">160216n||az|||||||##########||||||||||||</controlfield>
         <datafield tag="040" ind1=" " ind2=" ">
            <subfield code="a">E-LRMmh</subfield>
         </datafield>
         <datafield tag="043" ind1=" " ind2=" ">
            <subfield code="c">ES</subfield>
         </datafield>
         <datafield tag="110" ind1="2" ind2=" ">
            <subfield code="a">Museo Hazen. Colección del Piano</subfield>
            <subfield code="c">Las Rozas de Madrid</subfield>
            <subfield code="g">E-LRMmh</subfield>
         </datafield>
         <datafield tag="622" ind1=" " ind2=" ">
            <subfield code="e">Museo Hazen. Colección del Piano, Ctra. de la Coruña, 28230 Las Rozas de Madrid, Spain</subfield>
            <subfield code="u">http://www.museohazen.com/</subfield>
         </datafield>
      </record>