
      <record>
         <leader>00000nz  a2200169   4500</leader>
         <controlfield tag="001">30005472</controlfield>
         <controlfield tag="003">RISM</controlfield>
         <controlfield tag="005">20160216</controlfield>
         <controlfield tag="008">160216n||az|||||||##########||||||||||||</controlfield>
         <datafield tag="040" ind1=" " ind2=" ">
            <subfield code="a">E-LUc</subfield>
         </datafield>
         <datafield tag="043" ind1=" " ind2=" ">
            <subfield code="c">XA-ES</subfield>
         </datafield>
         <datafield tag="110" ind1="2" ind2=" ">
            <subfield code="a">Archivo de la Catedral de Lugo</subfield>
            <subfield code="c">Lugo</subfield>
            <subfield code="g">E-LUc</subfield>
         </datafield>
         <datafield tag="622" ind1=" " ind2=" ">
            <subfield code="e">Archivo de la Catedral de Lugo, Apdo. de Correos, 12, Travesía Deán Fernández Varela, s/n, 27080 Lugo, Spain</subfield>
            <subfield code="u">http://www.diocesisdelugo.org/pages/arquivo/catedral.htm</subfield>
         </datafield>
      </record>