
      <record>
         <leader>00000nz  a2200169   4500</leader>
         <controlfield tag="001">30080144</controlfield>
         <controlfield tag="003">RISM</controlfield>
         <controlfield tag="005">20160216</controlfield>
         <controlfield tag="008">160216n||az|||||||##########||||||||||||</controlfield>
         <datafield tag="040" ind1=" " ind2=" ">
            <subfield code="a">E-LUcim</subfield>
         </datafield>
         <datafield tag="043" ind1=" " ind2=" ">
            <subfield code="c">ES</subfield>
         </datafield>
         <datafield tag="110" ind1="2" ind2=" ">
            <subfield code="a">Colección de Instrumentos Musicais e Obxectos Sonoros</subfield>
            <subfield code="c">Lugo</subfield>
            <subfield code="g">E-LUcim</subfield>
         </datafield>
         <datafield tag="622" ind1=" " ind2=" ">
            <subfield code="e">Colección de Instrumentos Musicais e,  Obxectos Sonoros, Travesía da rúa Chantada, s/n, 27004 Lugo, Spain</subfield>
            <subfield code="u">http://museos.xunta.es/gl/instrumentos-centrad</subfield>
         </datafield>
      </record>