
      <record>
         <leader>00000nz  a2200169   4500</leader>
         <controlfield tag="001">30079628</controlfield>
         <controlfield tag="003">RISM</controlfield>
         <controlfield tag="005">20160216</controlfield>
         <controlfield tag="008">160216n||az|||||||##########||||||||||||</controlfield>
         <datafield tag="040" ind1=" " ind2=" ">
            <subfield code="a">E-Maa</subfield>
         </datafield>
         <datafield tag="043" ind1=" " ind2=" ">
            <subfield code="c">ES</subfield>
         </datafield>
         <datafield tag="110" ind1="2" ind2=" ">
            <subfield code="a">Centro de Archivo y Documentación Albéniz</subfield>
            <subfield code="c">Madrid</subfield>
            <subfield code="g">E-Maa</subfield>
         </datafield>
         <datafield tag="622" ind1=" " ind2=" ">
            <subfield code="e">Centro de Archivo y Documentación,  Albéniz, c/ Requena, 1, 28013 Madrid, Spain</subfield>
            <subfield code="u">http://www.fundacionalbeniz.com/</subfield>
         </datafield>
      </record>