
      <record>
         <leader>00000nz  a2200169   4500</leader>
         <controlfield tag="001">30080182</controlfield>
         <controlfield tag="003">RISM</controlfield>
         <controlfield tag="005">20160216</controlfield>
         <controlfield tag="008">160216n||az|||||||##########||||||||||||</controlfield>
         <datafield tag="040" ind1=" " ind2=" ">
            <subfield code="a">E-MAmim</subfield>
         </datafield>
         <datafield tag="043" ind1=" " ind2=" ">
            <subfield code="c">ES</subfield>
         </datafield>
         <datafield tag="110" ind1="2" ind2=" ">
            <subfield code="a">Museo Interactivo de la Música (MIMMA), Archivo</subfield>
            <subfield code="c">Málaga</subfield>
            <subfield code="g">E-MAmim</subfield>
         </datafield>
         <datafield tag="622" ind1=" " ind2=" ">
            <subfield code="e">Museo Interactivo de la Música (MIMMA), Palacio del Conde de las Navas, c/ Beatas, 15, 29015 Málaga, Spain</subfield>
            <subfield code="u">http://www.musicaenaccion.com/mimma/</subfield>
         </datafield>
      </record>