
      <record>
         <leader>00000nz  a2200169   4500</leader>
         <controlfield tag="001">30079056</controlfield>
         <controlfield tag="003">RISM</controlfield>
         <controlfield tag="005">20160216</controlfield>
         <controlfield tag="008">160216n||az|||||||##########||||||||||||</controlfield>
         <datafield tag="040" ind1=" " ind2=" ">
            <subfield code="a">E-MANc</subfield>
         </datafield>
         <datafield tag="043" ind1=" " ind2=" ">
            <subfield code="c">ES</subfield>
         </datafield>
         <datafield tag="110" ind1="2" ind2=" ">
            <subfield code="a">Arxiu Comarcal del Bages (ACBG)</subfield>
            <subfield code="c">Manresa</subfield>
            <subfield code="g">E-MANc</subfield>
         </datafield>
         <datafield tag="410" ind1="2" ind2=" ">
            <subfield code="a">Archivo Comarcal del Bages</subfield>
         </datafield>
         <datafield tag="410" ind1="2" ind2=" ">
            <subfield code="a">Arxiu Històric Comarcal de Manresa</subfield>
         </datafield>
         <datafield tag="410" ind1="2" ind2=" ">
            <subfield code="a">Arxiu Històric de Manresa</subfield>
         </datafield>
         <datafield tag="622" ind1=" " ind2=" ">
            <subfield code="e">Arxiu Comarcal del Bages (ACBG), Via de sant Ignasi, 40, 08241 Manresa, Spain</subfield>
            <subfield code="u">http://cultura.gencat.cat/arxius/acbg, http://www.arxiudelbages.cat/</subfield>
         </datafield>
      </record>