
      <record>
         <leader>00000nz  a2200169   4500</leader>
         <controlfield tag="001">30079052</controlfield>
         <controlfield tag="003">RISM</controlfield>
         <controlfield tag="005">20160216</controlfield>
         <controlfield tag="008">160216n||az|||||||##########||||||||||||</controlfield>
         <datafield tag="040" ind1=" " ind2=" ">
            <subfield code="a">E-MANs</subfield>
         </datafield>
         <datafield tag="043" ind1=" " ind2=" ">
            <subfield code="c">ES</subfield>
         </datafield>
         <datafield tag="110" ind1="2" ind2=" ">
            <subfield code="a">Arxiu de la Seu de Manresa</subfield>
            <subfield code="c">Manresa</subfield>
            <subfield code="g">E-MANs</subfield>
         </datafield>
         <datafield tag="410" ind1="2" ind2=" ">
            <subfield code="a">Archivo de la Seu de Manresa</subfield>
         </datafield>
         <datafield tag="622" ind1=" " ind2=" ">
            <subfield code="e">Arxiu de la Seu de Manresa, Baixada de la Seu, 3, 08241 Manresa, Spain</subfield>
            <subfield code="u">http://www.seudemanresa.cat</subfield>
         </datafield>
      </record>