
      <record>
         <leader>00000nz  a2200169   4500</leader>
         <controlfield tag="001">30076558</controlfield>
         <controlfield tag="003">RISM</controlfield>
         <controlfield tag="005">20160216</controlfield>
         <controlfield tag="008">160216n||az|||||||##########||||||||||||</controlfield>
         <datafield tag="040" ind1=" " ind2=" ">
            <subfield code="a">E-MARjb</subfield>
         </datafield>
         <datafield tag="043" ind1=" " ind2=" ">
            <subfield code="c">ES</subfield>
         </datafield>
         <datafield tag="110" ind1="2" ind2=" ">
            <subfield code="a">Archivo Musical de la Parroquia Matriz de San Juan Bautista</subfield>
            <subfield code="c">Marchena (Sevilla)</subfield>
            <subfield code="g">E-MARjb</subfield>
         </datafield>
         <datafield tag="622" ind1=" " ind2=" ">
            <subfield code="e">Archivo Musical de la Parroquia Matriz,  de San Juan Bautista, Pza. del Cardenal Spinola s/n, 41620 Marchena, Spain</subfield>
         </datafield>
      </record>