
      <record>
         <leader>00000nz  a2200169   4500</leader>
         <controlfield tag="001">30006085</controlfield>
         <controlfield tag="003">RISM</controlfield>
         <controlfield tag="005">20160216</controlfield>
         <controlfield tag="008">160216n||az|||||||##########||||||||||||</controlfield>
         <datafield tag="040" ind1=" " ind2=" ">
            <subfield code="a">E-Mav</subfield>
         </datafield>
         <datafield tag="043" ind1=" " ind2=" ">
            <subfield code="c">XA-ES</subfield>
         </datafield>
         <datafield tag="110" ind1="2" ind2=" ">
            <subfield code="a">Archivo de Villa o Archivo Municipal del Ayuntamiento de Madrid</subfield>
            <subfield code="c">Madrid</subfield>
            <subfield code="g">E-Mav</subfield>
         </datafield>
         <datafield tag="622" ind1=" " ind2=" ">
            <subfield code="e">Archivo de Villa o Archivo Municipal del,  Ayuntamiento de Madrid, c/ Conde Duque, 9 y 11, 28015  Madrid, Spain</subfield>
            <subfield code="u">http://goo.gl/Z6q2Qv</subfield>
         </datafield>
      </record>