
      <record>
         <leader>00000nz  a2200169   4500</leader>
         <controlfield tag="001">30001380</controlfield>
         <controlfield tag="003">RISM</controlfield>
         <controlfield tag="005">20160216</controlfield>
         <controlfield tag="008">160216n||az|||||||##########||||||||||||</controlfield>
         <datafield tag="040" ind1=" " ind2=" ">
            <subfield code="a">E-Mba</subfield>
         </datafield>
         <datafield tag="043" ind1=" " ind2=" ">
            <subfield code="c">XA-ES</subfield>
         </datafield>
         <datafield tag="110" ind1="2" ind2=" ">
            <subfield code="a">Archivo y Biblioteca de la Real Academia de Bellas Artes de San Fernando</subfield>
            <subfield code="c">Madrid</subfield>
            <subfield code="g">E-Mba</subfield>
         </datafield>
         <datafield tag="410" ind1="2" ind2=" ">
            <subfield code="a">Archivo de Música, Real Academia de Bellas Artes de San Fernando</subfield>
         </datafield>
         <datafield tag="622" ind1=" " ind2=" ">
            <subfield code="e">Archivo y Biblioteca de la Real Academia,  de Bellas Artes de San Fernando, c/ Alcalá, 13, 28014 Madrid, Spain</subfield>
            <subfield code="u">http://goo.gl/m5UExG</subfield>
         </datafield>
      </record>