
      <record>
         <leader>00000nz  a2200169   4500</leader>
         <controlfield tag="001">30001383</controlfield>
         <controlfield tag="003">RISM</controlfield>
         <controlfield tag="005">20160216</controlfield>
         <controlfield tag="008">160216n||az|||||||##########||||||||||||</controlfield>
         <datafield tag="040" ind1=" " ind2=" ">
            <subfield code="a">E-Mca</subfield>
         </datafield>
         <datafield tag="043" ind1=" " ind2=" ">
            <subfield code="c">XA-ES</subfield>
         </datafield>
         <datafield tag="110" ind1="2" ind2=" ">
            <subfield code="a">Fundación Casa de Alba</subfield>
            <subfield code="c">Madrid</subfield>
            <subfield code="g">E-Mca</subfield>
         </datafield>
         <datafield tag="410" ind1="2" ind2=" ">
            <subfield code="a">Casa de Alba, private collection</subfield>
         </datafield>
         <datafield tag="622" ind1=" " ind2=" ">
            <subfield code="e">Fundación Casa de Alba, Palacio de Liria, Calle de la Princesa 20, 28008 Madrid, Spain</subfield>
            <subfield code="u">http://www.fundacioncasadealba.com/</subfield>
         </datafield>
      </record>