
      <record>
         <leader>00000nz  a2200169   4500</leader>
         <controlfield tag="001">30080177</controlfield>
         <controlfield tag="003">RISM</controlfield>
         <controlfield tag="005">20160216</controlfield>
         <controlfield tag="008">160216n||az|||||||##########||||||||||||</controlfield>
         <datafield tag="040" ind1=" " ind2=" ">
            <subfield code="a">E-Mccm</subfield>
         </datafield>
         <datafield tag="043" ind1=" " ind2=" ">
            <subfield code="c">XA-ES</subfield>
         </datafield>
         <datafield tag="110" ind1="2" ind2=" ">
            <subfield code="a">Colección Museográfica del Real Conservatorio Superior de Música de Madrid</subfield>
            <subfield code="c">Madrid</subfield>
            <subfield code="g">E-Mccm</subfield>
         </datafield>
         <datafield tag="622" ind1=" " ind2=" ">
            <subfield code="e">Colección Museográfica del Real,  Conservatorio Superior de Música de,  Madrid, c/ Santa Isabel, 53, 28012 Madrid, Spain</subfield>
            <subfield code="u">http://www.rcsmm.eu/museo/?m=9</subfield>
         </datafield>
      </record>