
      <record>
         <leader>00000nz  a2200169   4500</leader>
         <controlfield tag="001">30005663</controlfield>
         <controlfield tag="003">RISM</controlfield>
         <controlfield tag="005">20160216</controlfield>
         <controlfield tag="008">160216n||az|||||||##########||||||||||||</controlfield>
         <datafield tag="040" ind1=" " ind2=" ">
            <subfield code="a">E-Md</subfield>
         </datafield>
         <datafield tag="043" ind1=" " ind2=" ">
            <subfield code="c">XA-ES</subfield>
         </datafield>
         <datafield tag="110" ind1="2" ind2=" ">
            <subfield code="a">Centro de Documentación de Música y Danza</subfield>
            <subfield code="c">Madrid</subfield>
            <subfield code="g">E-Md</subfield>
         </datafield>
         <datafield tag="410" ind1="2" ind2=" ">
            <subfield code="a">Centro de Documentación Musical del Ministerio de Cultura</subfield>
         </datafield>
         <datafield tag="622" ind1=" " ind2=" ">
            <subfield code="e">Centro de Documentación de Música y,  Danza, c/ Torregalindo, 10, 28016 Madrid, Spain</subfield>
            <subfield code="u">http://musicadanza.es/</subfield>
         </datafield>
      </record>