
      <record>
         <leader>00000nz  a2200169   4500</leader>
         <controlfield tag="001">30005838</controlfield>
         <controlfield tag="003">RISM</controlfield>
         <controlfield tag="005">20160216</controlfield>
         <controlfield tag="008">160216n||az|||||||##########||||||||||||</controlfield>
         <datafield tag="040" ind1=" " ind2=" ">
            <subfield code="a">E-Mdr</subfield>
         </datafield>
         <datafield tag="043" ind1=" " ind2=" ">
            <subfield code="c">XA-ES</subfield>
         </datafield>
         <datafield tag="110" ind1="2" ind2=" ">
            <subfield code="a">Monasterio de las Descalzas Reales</subfield>
            <subfield code="c">Madrid</subfield>
            <subfield code="g">E-Mdr</subfield>
         </datafield>
         <datafield tag="410" ind1="2" ind2=" ">
            <subfield code="a">Convento de las Descalzas Reales</subfield>
         </datafield>
         <datafield tag="622" ind1=" " ind2=" ">
            <subfield code="e">Monasterio de las Descalzas Reales, Pl. de las Descalzas Reales, s/n, 28013 Madrid, Spain</subfield>
            <subfield code="u">http://www.realbiblioteca.es/</subfield>
         </datafield>
      </record>