
      <record>
         <leader>00000nz  a2200169   4500</leader>
         <controlfield tag="001">30006219</controlfield>
         <controlfield tag="003">RISM</controlfield>
         <controlfield tag="005">20160216</controlfield>
         <controlfield tag="008">160216n||az|||||||##########||||||||||||</controlfield>
         <datafield tag="040" ind1=" " ind2=" ">
            <subfield code="a">E-ME</subfield>
         </datafield>
         <datafield tag="043" ind1=" " ind2=" ">
            <subfield code="c">XA-ES</subfield>
         </datafield>
         <datafield tag="110" ind1="2" ind2=" ">
            <subfield code="a">Biblioteca Arxiu Fernando Rubió Tuduri</subfield>
            <subfield code="c">Maó-Mahón (Menorca)</subfield>
            <subfield code="g">E-ME</subfield>
         </datafield>
         <datafield tag="622" ind1=" " ind2=" ">
            <subfield code="e">Biblioteca Arxiu Fernando Rubió Tuduri, C/. Claustre del Carme, s/n, 07701 Maó-Mahón (Menorca), Spain</subfield>
         </datafield>
      </record>