
      <record>
         <leader>00000nz  a2200169   4500</leader>
         <controlfield tag="001">30005839</controlfield>
         <controlfield tag="003">RISM</controlfield>
         <controlfield tag="005">20160216</controlfield>
         <controlfield tag="008">160216n||az|||||||##########||||||||||||</controlfield>
         <datafield tag="040" ind1=" " ind2=" ">
            <subfield code="a">E-Me</subfield>
         </datafield>
         <datafield tag="043" ind1=" " ind2=" ">
            <subfield code="c">XA-ES</subfield>
         </datafield>
         <datafield tag="110" ind1="2" ind2=" ">
            <subfield code="a">Monasterio de la Encarnación</subfield>
            <subfield code="c">Madrid</subfield>
            <subfield code="g">E-Me</subfield>
         </datafield>
         <datafield tag="410" ind1="2" ind2=" ">
            <subfield code="a">Real Convento de la Encarnación</subfield>
         </datafield>
         <datafield tag="622" ind1=" " ind2=" ">
            <subfield code="e">Monasterio de la Encarnación, Pl. de la Encarnación, 1, 28013 Madrid, Spain</subfield>
            <subfield code="u">http://realbiblioteca.patrimonionacional.es/</subfield>
         </datafield>
      </record>