
      <record>
         <leader>00000nz  a2200169   4500</leader>
         <controlfield tag="001">30003299</controlfield>
         <controlfield tag="003">RISM</controlfield>
         <controlfield tag="005">20160216</controlfield>
         <controlfield tag="008">160216n||az|||||||##########||||||||||||</controlfield>
         <datafield tag="040" ind1=" " ind2=" ">
            <subfield code="a">E-Mic</subfield>
         </datafield>
         <datafield tag="043" ind1=" " ind2=" ">
            <subfield code="c">XA-ES</subfield>
         </datafield>
         <datafield tag="110" ind1="2" ind2=" ">
            <subfield code="a">Agencia Española de Cooperación Internacional para el Desarrollo (AECID). Biblioteca</subfield>
            <subfield code="c">Madrid</subfield>
            <subfield code="g">E-Mic</subfield>
         </datafield>
         <datafield tag="410" ind1="2" ind2=" ">
            <subfield code="a">Instituto de Cultura Hispánica, Sección de Música</subfield>
         </datafield>
         <datafield tag="622" ind1=" " ind2=" ">
            <subfield code="e">Agencia Española de Cooperación,  Internacional para el Desarrollo,  (AECID). Biblioteca, Av. Reyes Católicos, 4, 28040 Madrid, Spain</subfield>
            <subfield code="u">http://www.aecid.es/EN</subfield>
         </datafield>
      </record>