
      <record>
         <leader>00000nz  a2200169   4500</leader>
         <controlfield tag="001">30079629</controlfield>
         <controlfield tag="003">RISM</controlfield>
         <controlfield tag="005">20160216</controlfield>
         <controlfield tag="008">160216n||az|||||||##########||||||||||||</controlfield>
         <datafield tag="040" ind1=" " ind2=" ">
            <subfield code="a">E-Micm</subfield>
         </datafield>
         <datafield tag="043" ind1=" " ind2=" ">
            <subfield code="c">ES</subfield>
         </datafield>
         <datafield tag="110" ind1="2" ind2=" ">
            <subfield code="a">Instituto Complutense de Ciencias Musicales (ICCMU)</subfield>
            <subfield code="c">Madrid</subfield>
            <subfield code="g">E-Micm</subfield>
         </datafield>
         <datafield tag="622" ind1=" " ind2=" ">
            <subfield code="e">Instituto Complutense de Ciencias,  Musicales (ICCMU), Sociedad General de Autores, c/ Fernando VI, 4, 28004 Madrid, Spain</subfield>
            <subfield code="u">http://www.iccmu.es/fondos-documentales/</subfield>
         </datafield>
      </record>