
      <record>
         <leader>00000nz  a2200169   4500</leader>
         <controlfield tag="001">30079626</controlfield>
         <controlfield tag="003">RISM</controlfield>
         <controlfield tag="005">20160216</controlfield>
         <controlfield tag="008">160216n||az|||||||##########||||||||||||</controlfield>
         <datafield tag="040" ind1=" " ind2=" ">
            <subfield code="a">E-Mjl</subfield>
         </datafield>
         <datafield tag="043" ind1=" " ind2=" ">
            <subfield code="c">ES</subfield>
         </datafield>
         <datafield tag="110" ind1="2" ind2=" ">
            <subfield code="a">Biblioteca Regional de Madrid Joaquín Leguina</subfield>
            <subfield code="c">Madrid</subfield>
            <subfield code="g">E-Mjl</subfield>
         </datafield>
         <datafield tag="622" ind1=" " ind2=" ">
            <subfield code="e">Biblioteca Regional de Madrid Joaquín,  Leguina, c/ Ramírez de Prado, 3, 28045 Madrid, Spain</subfield>
            <subfield code="u">http://www.madrid.org/cs/Satellite?pagename=ComunidadMadrid/Home</subfield>
         </datafield>
      </record>