
      <record>
         <leader>00000nz  a2200169   4500</leader>
         <controlfield tag="001">30006216</controlfield>
         <controlfield tag="003">RISM</controlfield>
         <controlfield tag="005">20160216</controlfield>
         <controlfield tag="008">160216n||az|||||||##########||||||||||||</controlfield>
         <datafield tag="040" ind1=" " ind2=" ">
            <subfield code="a">E-Mjm</subfield>
         </datafield>
         <datafield tag="043" ind1=" " ind2=" ">
            <subfield code="c">XA-ES</subfield>
         </datafield>
         <datafield tag="110" ind1="2" ind2=" ">
            <subfield code="a">Biblioteca Española de Música y Teatro Contemporáneos. Fundación Juan March</subfield>
            <subfield code="c">Madrid</subfield>
            <subfield code="g">E-Mjm</subfield>
         </datafield>
         <datafield tag="622" ind1=" " ind2=" ">
            <subfield code="e">Biblioteca Española de Música y Teatro,  Contemporáneos. Fundación Juan March, c/ Castelló, 77, 28006 Madrid, Spain</subfield>
            <subfield code="u">http://www.march.es/bibliotecas/</subfield>
         </datafield>
      </record>