
      <record>
         <leader>00000nz  a2200169   4500</leader>
         <controlfield tag="001">30079620</controlfield>
         <controlfield tag="003">RISM</controlfield>
         <controlfield tag="005">20160216</controlfield>
         <controlfield tag="008">160216n||az|||||||##########||||||||||||</controlfield>
         <datafield tag="040" ind1=" " ind2=" ">
            <subfield code="a">E-Mjr</subfield>
         </datafield>
         <datafield tag="043" ind1=" " ind2=" ">
            <subfield code="c">ES</subfield>
         </datafield>
         <datafield tag="110" ind1="2" ind2=" ">
            <subfield code="a">Archivo de la Fundación Victoria y Joquín Rodrigo</subfield>
            <subfield code="c">Madrid</subfield>
            <subfield code="g">E-Mjr</subfield>
         </datafield>
         <datafield tag="622" ind1=" " ind2=" ">
            <subfield code="e">Archivo de la Fundación Victoria y,  Joquín Rodrigo, c/ General Yagüe, 11  4º J, 28020 Madrid, Spain</subfield>
            <subfield code="u">http://www.joaquin-rodrigo.com/index.php/es/archivo-menu-principal</subfield>
         </datafield>
      </record>