
      <record>
         <leader>00000nz  a2200169   4500</leader>
         <controlfield tag="001">30001384</controlfield>
         <controlfield tag="003">RISM</controlfield>
         <controlfield tag="005">20160216</controlfield>
         <controlfield tag="008">160216n||az|||||||##########||||||||||||</controlfield>
         <datafield tag="040" ind1=" " ind2=" ">
            <subfield code="a">E-Mm</subfield>
         </datafield>
         <datafield tag="043" ind1=" " ind2=" ">
            <subfield code="c">XA-ES</subfield>
         </datafield>
         <datafield tag="110" ind1="2" ind2=" ">
            <subfield code="a">Biblioteca Municipal, Biblioteca Musical Víctor Espinós</subfield>
            <subfield code="c">Madrid</subfield>
            <subfield code="g">E-Mm</subfield>
         </datafield>
         <datafield tag="410" ind1="2" ind2=" ">
            <subfield code="a">Biblioteca Municipal, Biblioteca de Música</subfield>
         </datafield>
         <datafield tag="622" ind1=" " ind2=" ">
            <subfield code="e">Biblioteca Municipal, Biblioteca Musical,  Víctor Espinós, C/ Conde Duque, 9 y 11, 28015 Madrid, Spain</subfield>
            <subfield code="u">http://goo.gl/iIr2fR</subfield>
         </datafield>
      </record>