
      <record>
         <leader>00000nz  a2200169   4500</leader>
         <controlfield tag="001">30001385</controlfield>
         <controlfield tag="003">RISM</controlfield>
         <controlfield tag="005">20160216</controlfield>
         <controlfield tag="008">160216n||az|||||||##########||||||||||||</controlfield>
         <datafield tag="040" ind1=" " ind2=" ">
            <subfield code="a">E-Mmc</subfield>
         </datafield>
         <datafield tag="043" ind1=" " ind2=" ">
            <subfield code="c">XA-ES</subfield>
         </datafield>
         <datafield tag="110" ind1="2" ind2=" ">
            <subfield code="a">Casa Ducal de Medinaceli, Biblioteca</subfield>
            <subfield code="c">Madrid</subfield>
            <subfield code="g">E-Mmc</subfield>
         </datafield>
         <datafield tag="410" ind1="2" ind2=" ">
            <subfield code="a">Casa Ducal de Medinaceli, Bartolomé March Severa, private collection</subfield>
         </datafield>
         <datafield tag="622" ind1=" " ind2=" ">
            <subfield code="e">Casa Ducal de Medinaceli, Biblioteca, Calle de Almagri 2, E-28001 Madrid</subfield>
         </datafield>
      </record>