
      <record>
         <leader>00000nz  a2200169   4500</leader>
         <controlfield tag="001">30006442</controlfield>
         <controlfield tag="003">RISM</controlfield>
         <controlfield tag="005">20160216</controlfield>
         <controlfield tag="008">160216n||az|||||||##########||||||||||||</controlfield>
         <datafield tag="040" ind1=" " ind2=" ">
            <subfield code="a">E-Mmh</subfield>
         </datafield>
         <datafield tag="043" ind1=" " ind2=" ">
            <subfield code="c">XA-ES</subfield>
         </datafield>
         <datafield tag="110" ind1="2" ind2=" ">
            <subfield code="a">Biblioteca Histórica Municipal</subfield>
            <subfield code="c">Madrid</subfield>
            <subfield code="g">E-Mmh</subfield>
         </datafield>
         <datafield tag="410" ind1="2" ind2=" ">
            <subfield code="a">Biblioteca Municipal, Archivo histórico</subfield>
         </datafield>
         <datafield tag="622" ind1=" " ind2=" ">
            <subfield code="e">Biblioteca Histórica Municipal, C/ Conde Duque, 9, 28015 Madrid, Spain</subfield>
            <subfield code="u">http://goo.gl/ZYPEKj</subfield>
         </datafield>
      </record>