
      <record>
         <leader>00000nz  a2200169   4500</leader>
         <controlfield tag="001">30001386</controlfield>
         <controlfield tag="003">RISM</controlfield>
         <controlfield tag="005">20160216</controlfield>
         <controlfield tag="008">160216n||az|||||||##########||||||||||||</controlfield>
         <datafield tag="040" ind1=" " ind2=" ">
            <subfield code="a">E-Mn</subfield>
         </datafield>
         <datafield tag="043" ind1=" " ind2=" ">
            <subfield code="c">XA-ES</subfield>
         </datafield>
         <datafield tag="110" ind1="2" ind2=" ">
            <subfield code="a">Biblioteca Nacional de España. Departamento de Música y Audiovisuales</subfield>
            <subfield code="c">Madrid</subfield>
            <subfield code="g">E-Mn</subfield>
         </datafield>
         <datafield tag="622" ind1=" " ind2=" ">
            <subfield code="e">Biblioteca Nacional de España.,  Departamento de Música y Audiovisuales, Pº de Recoletos, 20-22, 28071 Madrid, Spain</subfield>
            <subfield code="u">http://www.bne.es/es/Colecciones/MusicaMusicologia/</subfield>
         </datafield>
      </record>