
      <record>
         <leader>00000nz  a2200169   4500</leader>
         <controlfield tag="001">30001389</controlfield>
         <controlfield tag="003">RISM</controlfield>
         <controlfield tag="005">20160216</controlfield>
         <controlfield tag="008">160216n||az|||||||##########||||||||||||</controlfield>
         <datafield tag="040" ind1=" " ind2=" ">
            <subfield code="a">E-MO</subfield>
         </datafield>
         <datafield tag="043" ind1=" " ind2=" ">
            <subfield code="c">XA-ES</subfield>
         </datafield>
         <datafield tag="110" ind1="2" ind2=" ">
            <subfield code="a">Arxiu Històric Musical de Montserrat - Biblioteca de Montserrat</subfield>
            <subfield code="c">Montserrat</subfield>
            <subfield code="g">E-MO</subfield>
         </datafield>
         <datafield tag="410" ind1="2" ind2=" ">
            <subfield code="a">Arxiu de Música de l’Abadia de Montserrat</subfield>
         </datafield>
         <datafield tag="410" ind1="2" ind2=" ">
            <subfield code="a">Arxiu de Música del Monestir de Montserrat.</subfield>
         </datafield>
         <datafield tag="410" ind1="2" ind2=" ">
            <subfield code="a">Archivo de Música de la Abadía de Montserrat</subfield>
         </datafield>
         <datafield tag="622" ind1=" " ind2=" ">
            <subfield code="e">Arxiu Històric Musical de Montserrat -,  Biblioteca de Montserrat, Abadia de Montserrat, 08199 Montserrat, Spain</subfield>
            <subfield code="u">http://www.bibliotecademontserrat.net/cat/cast/index.php</subfield>
         </datafield>
      </record>