
      <record>
         <leader>00000nz  a2200169   4500</leader>
         <controlfield tag="001">30003304</controlfield>
         <controlfield tag="003">RISM</controlfield>
         <controlfield tag="005">20160216</controlfield>
         <controlfield tag="008">160216n||az|||||||##########||||||||||||</controlfield>
         <datafield tag="040" ind1=" " ind2=" ">
            <subfield code="a">E-MON</subfield>
         </datafield>
         <datafield tag="043" ind1=" " ind2=" ">
            <subfield code="c">XA-ES</subfield>
         </datafield>
         <datafield tag="110" ind1="2" ind2=" ">
            <subfield code="a">Catedral Basílica de Mondoñedo, Archivo</subfield>
            <subfield code="c">Mondoñedo</subfield>
            <subfield code="g">E-MON</subfield>
         </datafield>
         <datafield tag="622" ind1=" " ind2=" ">
            <subfield code="e">Catedral Basílica de Mondoñedo, Archivo, Plaza de España s/n, 27740 Mondoñedo, Spain</subfield>
            <subfield code="u">http://www.mondonedoferrol.org/servicios_archivos.htm</subfield>
         </datafield>
      </record>