
      <record>
         <leader>00000nz  a2200169   4500</leader>
         <controlfield tag="001">30006232</controlfield>
         <controlfield tag="003">RISM</controlfield>
         <controlfield tag="005">20160216</controlfield>
         <controlfield tag="008">160216n||az|||||||##########||||||||||||</controlfield>
         <datafield tag="040" ind1=" " ind2=" ">
            <subfield code="a">E-MOR</subfield>
         </datafield>
         <datafield tag="043" ind1=" " ind2=" ">
            <subfield code="c">XA-ES</subfield>
         </datafield>
         <datafield tag="110" ind1="2" ind2=" ">
            <subfield code="a">Archivo Histórico de la Arciprestal Basílica de Santa María la Mayor</subfield>
            <subfield code="c">Morella</subfield>
            <subfield code="g">E-MOR</subfield>
         </datafield>
         <datafield tag="622" ind1=" " ind2=" ">
            <subfield code="e">Archivo Histórico de la Arciprestal,  Basílica de Santa María la Mayor, 12300 Morella, Spain</subfield>
         </datafield>
      </record>