
      <record>
         <leader>00000nz  a2200169   4500</leader>
         <controlfield tag="001">30080209</controlfield>
         <controlfield tag="003">RISM</controlfield>
         <controlfield tag="005">20160216</controlfield>
         <controlfield tag="008">160216n||az|||||||##########||||||||||||</controlfield>
         <datafield tag="040" ind1=" " ind2=" ">
            <subfield code="a">E-MOsb</subfield>
         </datafield>
         <datafield tag="043" ind1=" " ind2=" ">
            <subfield code="c">ES</subfield>
         </datafield>
         <datafield tag="110" ind1="2" ind2=" ">
            <subfield code="a">Arxiu del Monestir de Sant Benet de Montserrat (AMSBM)</subfield>
            <subfield code="c">Montserrat</subfield>
            <subfield code="g">E-MOsb</subfield>
         </datafield>
         <datafield tag="622" ind1=" " ind2=" ">
            <subfield code="e">Arxiu del Monestir de Sant Benet de,  Montserrat (AMSBM), 08199 Montserrat, Spain</subfield>
            <subfield code="u">http://www.federaciobenedictines.cat/wordpress/</subfield>
         </datafield>
      </record>