
      <record>
         <leader>00000nz  a2200169   4500</leader>
         <controlfield tag="001">30079558</controlfield>
         <controlfield tag="003">RISM</controlfield>
         <controlfield tag="005">20160216</controlfield>
         <controlfield tag="008">160216n||az|||||||##########||||||||||||</controlfield>
         <datafield tag="040" ind1=" " ind2=" ">
            <subfield code="a">E-MOT</subfield>
         </datafield>
         <datafield tag="043" ind1=" " ind2=" ">
            <subfield code="c">ES</subfield>
         </datafield>
         <datafield tag="110" ind1="2" ind2=" ">
            <subfield code="a">Archivo Histórico Artístico Musical del Monasterio de Santa Ana</subfield>
            <subfield code="c">Montilla</subfield>
            <subfield code="g">E-MOT</subfield>
         </datafield>
         <datafield tag="622" ind1=" " ind2=" ">
            <subfield code="e">Archivo Histórico Artístico Musical del,  Monasterio de Santa Ana, c/ Santa Ana s/n, 14550 Montilla, Spain</subfield>
         </datafield>
      </record>