
      <record>
         <leader>00000nz  a2200169   4500</leader>
         <controlfield tag="001">30003301</controlfield>
         <controlfield tag="003">RISM</controlfield>
         <controlfield tag="005">20160216</controlfield>
         <controlfield tag="008">160216n||az|||||||##########||||||||||||</controlfield>
         <datafield tag="040" ind1=" " ind2=" ">
            <subfield code="a">E-Mpm</subfield>
         </datafield>
         <datafield tag="043" ind1=" " ind2=" ">
            <subfield code="c">XA-ES</subfield>
         </datafield>
         <datafield tag="110" ind1="2" ind2=" ">
            <subfield code="a">Consejo Superior de Investigaciones Científicas. Patronato Marcelino Menéndez y Pelayo</subfield>
            <subfield code="c">Madrid</subfield>
            <subfield code="g">E-Mpm</subfield>
         </datafield>
         <datafield tag="622" ind1=" " ind2=" ">
            <subfield code="e">Consejo Superior de Investigaciones,  Científicas. Patronato Marcelino,  Menéndez y Pelayo, Calle Duque de Medinaceli 4, 28014 Madrid, Spain</subfield>
            <subfield code="u">http://www.csic.es/</subfield>
         </datafield>
      </record>