
      <record>
         <leader>00000nz  a2200169   4500</leader>
         <controlfield tag="001">30080479</controlfield>
         <controlfield tag="003">RISM</controlfield>
         <controlfield tag="005">20160216</controlfield>
         <controlfield tag="008">160216n||az|||||||##########||||||||||||</controlfield>
         <datafield tag="040" ind1=" " ind2=" ">
            <subfield code="a">E-Mrae</subfield>
         </datafield>
         <datafield tag="043" ind1=" " ind2=" ">
            <subfield code="c">XA-ES</subfield>
         </datafield>
         <datafield tag="110" ind1="2" ind2=" ">
            <subfield code="a">Real Academia Española - Biblioteca y Archivo</subfield>
            <subfield code="c">Madrid</subfield>
            <subfield code="g">E-Mrae</subfield>
         </datafield>
         <datafield tag="622" ind1=" " ind2=" ">
            <subfield code="e">Real Academia Española - Biblioteca y,  Archivo, Academia, 1, 28071 Madrid, Spain</subfield>
            <subfield code="u">http://www.rae.es/</subfield>
         </datafield>
      </record>