
      <record>
         <leader>00000nz  a2200169   4500</leader>
         <controlfield tag="001">30079630</controlfield>
         <controlfield tag="003">RISM</controlfield>
         <controlfield tag="005">20160216</controlfield>
         <controlfield tag="008">160216n||az|||||||##########||||||||||||</controlfield>
         <datafield tag="040" ind1=" " ind2=" ">
            <subfield code="a">E-Mre</subfield>
         </datafield>
         <datafield tag="043" ind1=" " ind2=" ">
            <subfield code="c">ES</subfield>
         </datafield>
         <datafield tag="110" ind1="2" ind2=" ">
            <subfield code="a">Residencia de Estudiantes. Centro de Documentación</subfield>
            <subfield code="c">Madrid</subfield>
            <subfield code="g">E-Mre</subfield>
         </datafield>
         <datafield tag="622" ind1=" " ind2=" ">
            <subfield code="e">Residencia de Estudiantes. Centro de,  Documentación, Residencia de Estudiantes, c/ Pinar, 21-23, 28006 Madrid, Spain</subfield>
            <subfield code="u">http://www.residencia.csic.es/doc/frame_doc1.htm</subfield>
         </datafield>
      </record>