
      <record>
         <leader>00000nz  a2200169   4500</leader>
         <controlfield tag="001">30003302</controlfield>
         <controlfield tag="003">RISM</controlfield>
         <controlfield tag="005">20160216</controlfield>
         <controlfield tag="008">160216n||az|||||||##########||||||||||||</controlfield>
         <datafield tag="040" ind1=" " ind2=" ">
            <subfield code="a">E-Mrt</subfield>
         </datafield>
         <datafield tag="043" ind1=" " ind2=" ">
            <subfield code="c">XA-ES</subfield>
         </datafield>
         <datafield tag="110" ind1="2" ind2=" ">
            <subfield code="a">Radio Nacional de España-Televisión, Biblioteca</subfield>
            <subfield code="c">Madrid</subfield>
            <subfield code="g">E-Mrt</subfield>
         </datafield>
         <datafield tag="622" ind1=" " ind2=" ">
            <subfield code="e">Radio Nacional de España-Televisión,,  Biblioteca, Casa de la Radio, Prado del Rey, 28023 Madrid, Spain</subfield>
         </datafield>
      </record>