
      <record>
         <leader>00000nz  a2200169   4500</leader>
         <controlfield tag="001">30079622</controlfield>
         <controlfield tag="003">RISM</controlfield>
         <controlfield tag="005">20160216</controlfield>
         <controlfield tag="008">160216n||az|||||||##########||||||||||||</controlfield>
         <datafield tag="040" ind1=" " ind2=" ">
            <subfield code="a">E-Ms</subfield>
         </datafield>
         <datafield tag="043" ind1=" " ind2=" ">
            <subfield code="c">ES</subfield>
         </datafield>
         <datafield tag="110" ind1="2" ind2=" ">
            <subfield code="a">Archivo del Senado</subfield>
            <subfield code="c">Madrid</subfield>
            <subfield code="g">E-Ms</subfield>
         </datafield>
         <datafield tag="622" ind1=" " ind2=" ">
            <subfield code="e">Archivo del Senado, c/ Bailén, 3, 28071 Madrid, Spain</subfield>
            <subfield code="u">http://www.senado.es/web/index.html</subfield>
         </datafield>
      </record>