
      <record>
         <leader>00000nz  a2200169   4500</leader>
         <controlfield tag="001">30003303</controlfield>
         <controlfield tag="003">RISM</controlfield>
         <controlfield tag="005">20160216</controlfield>
         <controlfield tag="008">160216n||az|||||||##########||||||||||||</controlfield>
         <datafield tag="040" ind1=" " ind2=" ">
            <subfield code="a">E-Msa</subfield>
         </datafield>
         <datafield tag="043" ind1=" " ind2=" ">
            <subfield code="c">XA-ES</subfield>
         </datafield>
         <datafield tag="110" ind1="2" ind2=" ">
            <subfield code="a">Centro de Documentación, Archivo y Patrimonio (CEDOA)</subfield>
            <subfield code="c">Madrid</subfield>
            <subfield code="g">E-Msa</subfield>
         </datafield>
         <datafield tag="410" ind1="2" ind2=" ">
            <subfield code="a">Sociedad General de Autores y Editores (SGAE)</subfield>
         </datafield>
         <datafield tag="410" ind1="2" ind2=" ">
            <subfield code="a">Sociedad General de Autores de España</subfield>
         </datafield>
         <datafield tag="622" ind1=" " ind2=" ">
            <subfield code="e">Centro de Documentación, Archivo y,  Patrimonio (CEDOA), c/ Fernando VI, 4, 28004 Madrid, Spain</subfield>
            <subfield code="u">http://www.sgae.es/acerca-de/el-cedoa-de-la-sgae/</subfield>
         </datafield>
      </record>