
      <record>
         <leader>00000nz  a2200169   4500</leader>
         <controlfield tag="001">30002967</controlfield>
         <controlfield tag="003">RISM</controlfield>
         <controlfield tag="005">20160216</controlfield>
         <controlfield tag="008">160216n||az|||||||##########||||||||||||</controlfield>
         <datafield tag="040" ind1=" " ind2=" ">
            <subfield code="a">E-Msi</subfield>
         </datafield>
         <datafield tag="043" ind1=" " ind2=" ">
            <subfield code="c">XA-ES</subfield>
         </datafield>
         <datafield tag="110" ind1="2" ind2=" ">
            <subfield code="a">Universidad Complutense, Biblioteca de San Isidoro</subfield>
            <subfield code="c">Madrid</subfield>
            <subfield code="g">E-Msi</subfield>
         </datafield>
         <datafield tag="410" ind1="2" ind2=" ">
            <subfield code="a">Ciudad Universitaria, Faculdad de Filosofía y Letras, Biblioteca de San Isidoro</subfield>
         </datafield>
         <datafield tag="622" ind1=" " ind2=" ">
            <subfield code="e">Universidad Complutense, Biblioteca de,  San Isidoro, Ciudad Universitaria, Facultad de,  Filosofía y Letras, 28003 Madrid, Spain</subfield>
         </datafield>
      </record>