
      <record>
         <leader>00000nz  a2200169   4500</leader>
         <controlfield tag="001">30080168</controlfield>
         <controlfield tag="003">RISM</controlfield>
         <controlfield tag="005">20160216</controlfield>
         <controlfield tag="008">160216n||az|||||||##########||||||||||||</controlfield>
         <datafield tag="040" ind1=" " ind2=" ">
            <subfield code="a">E-MU</subfield>
         </datafield>
         <datafield tag="043" ind1=" " ind2=" ">
            <subfield code="c">ES</subfield>
         </datafield>
         <datafield tag="110" ind1="2" ind2=" ">
            <subfield code="a">Paco Díez: Aula Museo de Instrumentos Musicales Ibéricos</subfield>
            <subfield code="c">Mucientes</subfield>
            <subfield code="g">E-MU</subfield>
         </datafield>
         <datafield tag="622" ind1=" " ind2=" ">
            <subfield code="e">Paco Díez: Aula Museo de Instrumentos,  Musicales Ibéricos, c/ Alegría, 4, 47194  Mucientes, Spain</subfield>
            <subfield code="u">http://www.aulamuseopacodiez.net/</subfield>
         </datafield>
      </record>