
      <record>
         <leader>00000nz  a2200169   4500</leader>
         <controlfield tag="001">30079675</controlfield>
         <controlfield tag="003">RISM</controlfield>
         <controlfield tag="005">20160216</controlfield>
         <controlfield tag="008">160216n||az|||||||##########||||||||||||</controlfield>
         <datafield tag="040" ind1=" " ind2=" ">
            <subfield code="a">E-MUar</subfield>
         </datafield>
         <datafield tag="043" ind1=" " ind2=" ">
            <subfield code="c">ES</subfield>
         </datafield>
         <datafield tag="110" ind1="2" ind2=" ">
            <subfield code="a">Archivo General de la Región de Murcia</subfield>
            <subfield code="c">Murcia</subfield>
            <subfield code="g">E-MUar</subfield>
         </datafield>
         <datafield tag="622" ind1=" " ind2=" ">
            <subfield code="e">Archivo General de la Región de Murcia, Av. de los Pinos, 4, 30009  Murcia, Spain</subfield>
            <subfield code="u">http://archivoweb.carm.es/archivoGeneral/arg.inicio</subfield>
         </datafield>
      </record>