
      <record>
         <leader>00000nz  a2200169   4500</leader>
         <controlfield tag="001">30005760</controlfield>
         <controlfield tag="003">RISM</controlfield>
         <controlfield tag="005">20160216</controlfield>
         <controlfield tag="008">160216n||az|||||||##########||||||||||||</controlfield>
         <datafield tag="040" ind1=" " ind2=" ">
            <subfield code="a">E-MUc</subfield>
         </datafield>
         <datafield tag="043" ind1=" " ind2=" ">
            <subfield code="c">XA-ES</subfield>
         </datafield>
         <datafield tag="110" ind1="2" ind2=" ">
            <subfield code="a">Archivo Catedralicio de Murcia</subfield>
            <subfield code="c">Murcia</subfield>
            <subfield code="g">E-MUc</subfield>
         </datafield>
         <datafield tag="622" ind1=" " ind2=" ">
            <subfield code="e">Archivo Catedralicio de Murcia, Pz. Cardenal Belluga, 30001 Murcia, Spain</subfield>
         </datafield>
      </record>