
      <record>
         <leader>00000nz  a2200169   4500</leader>
         <controlfield tag="001">30006015</controlfield>
         <controlfield tag="003">RISM</controlfield>
         <controlfield tag="005">20160216</controlfield>
         <controlfield tag="008">160216n||az|||||||##########||||||||||||</controlfield>
         <datafield tag="040" ind1=" " ind2=" ">
            <subfield code="a">E-Muc</subfield>
         </datafield>
         <datafield tag="043" ind1=" " ind2=" ">
            <subfield code="c">XA-ES</subfield>
         </datafield>
         <datafield tag="110" ind1="2" ind2=" ">
            <subfield code="a">Universidad Pontificia de Comillas, Biblioteca, Sección de Música</subfield>
            <subfield code="c">Madrid</subfield>
            <subfield code="g">E-Muc</subfield>
         </datafield>
         <datafield tag="622" ind1=" " ind2=" ">
            <subfield code="e">Universidad Pontificia de Comillas,,  Biblioteca, Sección de Música, C. Universidad Pontificia Comillas, 3-5, 28049 Madrid, Spain</subfield>
            <subfield code="u">http://www.upcomillas.es/es/biblioteca</subfield>
         </datafield>
      </record>