
      <record>
         <leader>00000nz  a2200169   4500</leader>
         <controlfield tag="001">30079563</controlfield>
         <controlfield tag="003">RISM</controlfield>
         <controlfield tag="005">20160216</controlfield>
         <controlfield tag="008">160216n||az|||||||##########||||||||||||</controlfield>
         <datafield tag="040" ind1=" " ind2=" ">
            <subfield code="a">E-MUN</subfield>
         </datafield>
         <datafield tag="043" ind1=" " ind2=" ">
            <subfield code="c">ES</subfield>
         </datafield>
         <datafield tag="110" ind1="2" ind2=" ">
            <subfield code="a">Museo Parroquial Juan Fernández de Heredia</subfield>
            <subfield code="c">Munébrega</subfield>
            <subfield code="g">E-MUN</subfield>
         </datafield>
         <datafield tag="622" ind1=" " ind2=" ">
            <subfield code="e">Museo Parroquial Juan Fernández de,  Heredia, 50219  Munébrega, Spain</subfield>
            <subfield code="u">http://www.munebrega.es/guia/styled-11/contenidos/codices/codices.html</subfield>
         </datafield>
      </record>