
      <record>
         <leader>00000nz  a2200169   4500</leader>
         <controlfield tag="001">30006220</controlfield>
         <controlfield tag="003">RISM</controlfield>
         <controlfield tag="005">20160216</controlfield>
         <controlfield tag="008">160216n||az|||||||##########||||||||||||</controlfield>
         <datafield tag="040" ind1=" " ind2=" ">
            <subfield code="a">E-MUsc</subfield>
         </datafield>
         <datafield tag="043" ind1=" " ind2=" ">
            <subfield code="c">XA-ES</subfield>
         </datafield>
         <datafield tag="110" ind1="2" ind2=" ">
            <subfield code="a">Biblioteca y Archivo de Autores Murcianos del Conservatorio Superior de Música de Murcia Manuel Massotti Littel</subfield>
            <subfield code="c">Murcia</subfield>
            <subfield code="g">E-MUsc</subfield>
         </datafield>
         <datafield tag="410" ind1="2" ind2=" ">
            <subfield code="a">Conservatorio Superior de Música de Murcia, Biblioteca</subfield>
         </datafield>
         <datafield tag="622" ind1=" " ind2=" ">
            <subfield code="e">Biblioteca y Archivo de Autores,  Murcianos del Conservatorio Superior de,  Música de Murcia Manuel Massotti Littel, Pº del Malecón, 9, 30004 Murcia, Spain</subfield>
            <subfield code="u">http://www.csmmurcia.com/archivo.htm</subfield>
         </datafield>
      </record>