
      <record>
         <leader>00000nz  a2200169   4500</leader>
         <controlfield tag="001">30076293</controlfield>
         <controlfield tag="003">RISM</controlfield>
         <controlfield tag="005">20160216</controlfield>
         <controlfield tag="008">160216n||az|||||||##########||||||||||||</controlfield>
         <datafield tag="040" ind1=" " ind2=" ">
            <subfield code="a">E-NA</subfield>
         </datafield>
         <datafield tag="043" ind1=" " ind2=" ">
            <subfield code="c">XA-ES</subfield>
         </datafield>
         <datafield tag="110" ind1="2" ind2=" ">
            <subfield code="a">Iglesia de los Santos Juanes, Archivo</subfield>
            <subfield code="c">Nava del Rey</subfield>
            <subfield code="g">E-NA</subfield>
         </datafield>
         <datafield tag="410" ind1="2" ind2=" ">
            <subfield code="a">Parroquia de los Santos Juanes</subfield>
         </datafield>
         <datafield tag="622" ind1=" " ind2=" ">
            <subfield code="e">Iglesia de los Santos Juanes, Archivo, Pl. de España, 13, 47500 Nava del Rey, Spain</subfield>
            <subfield code="u">http://goo.gl/Lg8Xqu</subfield>
         </datafield>
      </record>