
      <record>
         <leader>00000nz  a2200169   4500</leader>
         <controlfield tag="001">30080156</controlfield>
         <controlfield tag="003">RISM</controlfield>
         <controlfield tag="005">20160216</controlfield>
         <controlfield tag="008">160216n||az|||||||##########||||||||||||</controlfield>
         <datafield tag="040" ind1=" " ind2=" ">
            <subfield code="a">E-OIA</subfield>
         </datafield>
         <datafield tag="043" ind1=" " ind2=" ">
            <subfield code="c">ES</subfield>
         </datafield>
         <datafield tag="110" ind1="2" ind2=" ">
            <subfield code="a">Herri Musikaren Txokoa. Herri Musicaren Dokumentazio Zentrua</subfield>
            <subfield code="c">Oiartzun</subfield>
            <subfield code="g">E-OIA</subfield>
         </datafield>
         <datafield tag="410" ind1="2" ind2=" ">
            <subfield code="a">Centro de Documentación de Música Popular</subfield>
         </datafield>
         <datafield tag="622" ind1=" " ind2=" ">
            <subfield code="e">Herri Musikaren Txokoa. Herri Musicaren,  Dokumentazio Zentrua, c/ Tornola, 6, 20180 Oiartzun, Spain</subfield>
            <subfield code="u">http://www.herrimusika.org/index.php?id=eu</subfield>
         </datafield>
      </record>