
      <record>
         <leader>00000nz  a2200169   4500</leader>
         <controlfield tag="001">30079057</controlfield>
         <controlfield tag="003">RISM</controlfield>
         <controlfield tag="005">20160216</controlfield>
         <controlfield tag="008">160216n||az|||||||##########||||||||||||</controlfield>
         <datafield tag="040" ind1=" " ind2=" ">
            <subfield code="a">E-OLc</subfield>
         </datafield>
         <datafield tag="043" ind1=" " ind2=" ">
            <subfield code="c">ES</subfield>
         </datafield>
         <datafield tag="110" ind1="2" ind2=" ">
            <subfield code="a">Arxiu Comarcal de la Garrotxa (ACGAX)</subfield>
            <subfield code="c">Olot</subfield>
            <subfield code="g">E-OLc</subfield>
         </datafield>
         <datafield tag="410" ind1="2" ind2=" ">
            <subfield code="a">Arxiu Històric d’Olot</subfield>
         </datafield>
         <datafield tag="622" ind1=" " ind2=" ">
            <subfield code="e">Arxiu Comarcal de la Garrotxa (ACGAX), Plaça del Puig del Roser, 1, 17800 Olot, Spain</subfield>
            <subfield code="u">http://cultura.gencat.cat/arxius/acgax?</subfield>
         </datafield>
      </record>