
      <record>
         <leader>00000nz  a2200169   4500</leader>
         <controlfield tag="001">30076559</controlfield>
         <controlfield tag="003">RISM</controlfield>
         <controlfield tag="005">20160216</controlfield>
         <controlfield tag="008">160216n||az|||||||##########||||||||||||</controlfield>
         <datafield tag="040" ind1=" " ind2=" ">
            <subfield code="a">E-OLI</subfield>
         </datafield>
         <datafield tag="043" ind1=" " ind2=" ">
            <subfield code="c">XA-ES</subfield>
         </datafield>
         <datafield tag="110" ind1="2" ind2=" ">
            <subfield code="a">Iglesia Colegial de Santa María de las Nieves. Archivo Musical</subfield>
            <subfield code="c">Olivares</subfield>
            <subfield code="g">E-OLI</subfield>
         </datafield>
         <datafield tag="622" ind1=" " ind2=" ">
            <subfield code="e">Iglesia Colegial de Santa María de las,  Nieves. Archivo Musical, Pza. de España, s/n, 41804 Olivares, Spain</subfield>
            <subfield code="u">http://www.turismo-olivares.es/</subfield>
         </datafield>
      </record>