
      <record>
         <leader>00000nz  a2200169   4500</leader>
         <controlfield tag="001">30079610</controlfield>
         <controlfield tag="003">RISM</controlfield>
         <controlfield tag="005">20160216</controlfield>
         <controlfield tag="008">160216n||az|||||||##########||||||||||||</controlfield>
         <datafield tag="040" ind1=" " ind2=" ">
            <subfield code="a">E-OLse</subfield>
         </datafield>
         <datafield tag="043" ind1=" " ind2=" ">
            <subfield code="c">ES</subfield>
         </datafield>
         <datafield tag="110" ind1="2" ind2=" ">
            <subfield code="a">Església Parroquial de Sant Esteve</subfield>
            <subfield code="c">Olot</subfield>
            <subfield code="g">E-OLse</subfield>
         </datafield>
         <datafield tag="622" ind1=" " ind2=" ">
            <subfield code="e">Església Parroquial de Sant Esteve, Passeig Blay, 3, 17800 Olot, Spain</subfield>
         </datafield>
      </record>