
      <record>
         <leader>00000nz  a2200169   4500</leader>
         <controlfield tag="001">30079667</controlfield>
         <controlfield tag="003">RISM</controlfield>
         <controlfield tag="005">20160216</controlfield>
         <controlfield tag="008">160216n||az|||||||##########||||||||||||</controlfield>
         <datafield tag="040" ind1=" " ind2=" ">
            <subfield code="a">E-ONrl</subfield>
         </datafield>
         <datafield tag="043" ind1=" " ind2=" ">
            <subfield code="c">ES</subfield>
         </datafield>
         <datafield tag="110" ind1="2" ind2=" ">
            <subfield code="a">Residencia Canónigos Regulares de Letrán. Archivo</subfield>
            <subfield code="c">Oñati</subfield>
            <subfield code="g">E-ONrl</subfield>
         </datafield>
         <datafield tag="622" ind1=" " ind2=" ">
            <subfield code="e">Residencia Canónigos Regulares de,  Letrán. Archivo, c/ Aita Mortara, 1, 20560 Oñati, Spain</subfield>
         </datafield>
      </record>