
      <record>
         <leader>00000nz  a2200169   4500</leader>
         <controlfield tag="001">30003306</controlfield>
         <controlfield tag="003">RISM</controlfield>
         <controlfield tag="005">20160216</controlfield>
         <controlfield tag="008">160216n||az|||||||##########||||||||||||</controlfield>
         <datafield tag="040" ind1=" " ind2=" ">
            <subfield code="a">E-OR</subfield>
         </datafield>
         <datafield tag="043" ind1=" " ind2=" ">
            <subfield code="c">XA-ES</subfield>
         </datafield>
         <datafield tag="110" ind1="2" ind2=" ">
            <subfield code="a">Archivo Catedralicio de Ourense</subfield>
            <subfield code="c">Ourense</subfield>
            <subfield code="g">E-OR</subfield>
         </datafield>
         <datafield tag="410" ind1="2" ind2=" ">
            <subfield code="a">Catedral, Archivo</subfield>
         </datafield>
         <datafield tag="622" ind1=" " ind2=" ">
            <subfield code="e">Archivo Catedralicio de Ourense, Praza do Trigo, s/n, 32005 Ourense, Spain</subfield>
            <subfield code="u">http://www.obispadodeourense.com/diocesis/diocesis_catedral.php</subfield>
         </datafield>
      </record>