
      <record>
         <leader>00000nz  a2200169   4500</leader>
         <controlfield tag="001">30079647</controlfield>
         <controlfield tag="003">RISM</controlfield>
         <controlfield tag="005">20160216</controlfield>
         <controlfield tag="008">160216n||az|||||||##########||||||||||||</controlfield>
         <datafield tag="040" ind1=" " ind2=" ">
            <subfield code="a">E-ORah</subfield>
         </datafield>
         <datafield tag="043" ind1=" " ind2=" ">
            <subfield code="c">ES</subfield>
         </datafield>
         <datafield tag="110" ind1="2" ind2=" ">
            <subfield code="a">Archivo Histórico Provincial de Ourense</subfield>
            <subfield code="c">Ourense</subfield>
            <subfield code="g">E-ORah</subfield>
         </datafield>
         <datafield tag="622" ind1=" " ind2=" ">
            <subfield code="e">Archivo Histórico Provincial de Ourense, c/ Hernán Cortés, 2, 32005 Ourense, Spain</subfield>
            <subfield code="u">http://arquivosdegalicia.xunta.es/portal/arquivo-historico-provincial-de-ourense/</subfield>
         </datafield>
      </record>