
      <record>
         <leader>00000nz  a2200169   4500</leader>
         <controlfield tag="001">30080142</controlfield>
         <controlfield tag="003">RISM</controlfield>
         <controlfield tag="005">20160216</controlfield>
         <controlfield tag="008">160216n||az|||||||##########||||||||||||</controlfield>
         <datafield tag="040" ind1=" " ind2=" ">
            <subfield code="a">E-ORahd</subfield>
         </datafield>
         <datafield tag="043" ind1=" " ind2=" ">
            <subfield code="c">ES</subfield>
         </datafield>
         <datafield tag="110" ind1="2" ind2=" ">
            <subfield code="a">Archivo Histórico Diocesano</subfield>
            <subfield code="c">Ourense</subfield>
            <subfield code="g">E-ORahd</subfield>
         </datafield>
         <datafield tag="622" ind1=" " ind2=" ">
            <subfield code="e">Archivo Histórico Diocesano, Apdo. de correos, 142, Estrada do Seminario, 20, 32005 Ourense, Spain</subfield>
            <subfield code="u">http://www.obispadodeourense.com/guia/curia/otra_archivohistorico.php</subfield>
         </datafield>
      </record>