
      <record>
         <leader>00000nz  a2200169   4500</leader>
         <controlfield tag="001">30003307</controlfield>
         <controlfield tag="003">RISM</controlfield>
         <controlfield tag="005">20160216</controlfield>
         <controlfield tag="008">160216n||az|||||||##########||||||||||||</controlfield>
         <datafield tag="040" ind1=" " ind2=" ">
            <subfield code="a">E-ORI</subfield>
         </datafield>
         <datafield tag="043" ind1=" " ind2=" ">
            <subfield code="c">XA-ES</subfield>
         </datafield>
         <datafield tag="110" ind1="2" ind2=" ">
            <subfield code="a">Archivo Diocesano de Orihuela - Alicante</subfield>
            <subfield code="c">Orihuela</subfield>
            <subfield code="g">E-ORI</subfield>
         </datafield>
         <datafield tag="410" ind1="2" ind2=" ">
            <subfield code="a">Catedral, Archivo</subfield>
         </datafield>
         <datafield tag="622" ind1=" " ind2=" ">
            <subfield code="e">Archivo Diocesano de Orihuela - Alicante, c/ Mayor, s/n, 03300 Orihuela, Spain</subfield>
            <subfield code="u">http://archivocatedralorihuela.blogspot.com.es/</subfield>
         </datafield>
      </record>