
      <record>
         <leader>00000nz  a2200169   4500</leader>
         <controlfield tag="001">30003308</controlfield>
         <controlfield tag="003">RISM</controlfield>
         <controlfield tag="005">20160216</controlfield>
         <controlfield tag="008">160216n||az|||||||##########||||||||||||</controlfield>
         <datafield tag="040" ind1=" " ind2=" ">
            <subfield code="a">E-OS</subfield>
         </datafield>
         <datafield tag="043" ind1=" " ind2=" ">
            <subfield code="c">XA-ES</subfield>
         </datafield>
         <datafield tag="110" ind1="2" ind2=" ">
            <subfield code="a">Catedral de El Burgo de Osma, Archivo</subfield>
            <subfield code="c">El Burgo de Osma</subfield>
            <subfield code="g">E-OS</subfield>
         </datafield>
         <datafield tag="622" ind1=" " ind2=" ">
            <subfield code="e">Catedral de El Burgo de Osma, Archivo, Plaza de San Pedro 1, 42300 El Burgo de Osma, Spain</subfield>
         </datafield>
      </record>