
      <record>
         <leader>00000nz  a2200169   4500</leader>
         <controlfield tag="001">30079672</controlfield>
         <controlfield tag="003">RISM</controlfield>
         <controlfield tag="005">20160216</controlfield>
         <controlfield tag="008">160216n||az|||||||##########||||||||||||</controlfield>
         <datafield tag="040" ind1=" " ind2=" ">
            <subfield code="a">E-OVah</subfield>
         </datafield>
         <datafield tag="043" ind1=" " ind2=" ">
            <subfield code="c">ES</subfield>
         </datafield>
         <datafield tag="110" ind1="2" ind2=" ">
            <subfield code="a">Archivo Histórico de Asturias</subfield>
            <subfield code="c">Oviedo</subfield>
            <subfield code="g">E-OVah</subfield>
         </datafield>
         <datafield tag="622" ind1=" " ind2=" ">
            <subfield code="e">Archivo Histórico de Asturias, c/ Arcipreste de Hita, s/n, 33012 Oviedo, Spain</subfield>
            <subfield code="u">http://goo.gl/poEHa1</subfield>
         </datafield>
      </record>