
      <record>
         <leader>00000nz  a2200169   4500</leader>
         <controlfield tag="001">30006221</controlfield>
         <controlfield tag="003">RISM</controlfield>
         <controlfield tag="005">20160216</controlfield>
         <controlfield tag="008">160216n||az|||||||##########||||||||||||</controlfield>
         <datafield tag="040" ind1=" " ind2=" ">
            <subfield code="a">E-OVam</subfield>
         </datafield>
         <datafield tag="043" ind1=" " ind2=" ">
            <subfield code="c">XA-ES</subfield>
         </datafield>
         <datafield tag="110" ind1="2" ind2=" ">
            <subfield code="a">Archivo de Música de Asturias</subfield>
            <subfield code="c">Oviedo</subfield>
            <subfield code="g">E-OVam</subfield>
         </datafield>
         <datafield tag="622" ind1=" " ind2=" ">
            <subfield code="e">Archivo de Musica de Asturias, Plaza Daoíz y Velarde, 11, 33009 Oviedo, Spain</subfield>
            <subfield code="u">http://www.archivodemusicadeasturias.com/scripts/portada.asp</subfield>
         </datafield>
      </record>