
      <record>
         <leader>00000nz  a2200169   4500</leader>
         <controlfield tag="001">30079673</controlfield>
         <controlfield tag="003">RISM</controlfield>
         <controlfield tag="005">20160216</controlfield>
         <controlfield tag="008">160216n||az|||||||##########||||||||||||</controlfield>
         <datafield tag="040" ind1=" " ind2=" ">
            <subfield code="a">E-OVamo</subfield>
         </datafield>
         <datafield tag="043" ind1=" " ind2=" ">
            <subfield code="c">ES</subfield>
         </datafield>
         <datafield tag="110" ind1="2" ind2=" ">
            <subfield code="a">Archivo Municipal de Oviedo</subfield>
            <subfield code="c">Oviedo</subfield>
            <subfield code="g">E-OVamo</subfield>
         </datafield>
         <datafield tag="622" ind1=" " ind2=" ">
            <subfield code="e">Archivo Municipal de Oviedo, Pza. de la Constitución, 1, 33009 Oviedo, Spain</subfield>
            <subfield code="u">http://www.oviedo.es/de/el-ayuntamiento/archivo-municipal</subfield>
         </datafield>
      </record>