
      <record>
         <leader>00000nz  a2200169   4500</leader>
         <controlfield tag="001">30005475</controlfield>
         <controlfield tag="003">RISM</controlfield>
         <controlfield tag="005">20160216</controlfield>
         <controlfield tag="008">160216n||az|||||||##########||||||||||||</controlfield>
         <datafield tag="040" ind1=" " ind2=" ">
            <subfield code="a">E-OVu</subfield>
         </datafield>
         <datafield tag="043" ind1=" " ind2=" ">
            <subfield code="c">XA-ES</subfield>
         </datafield>
         <datafield tag="110" ind1="2" ind2=" ">
            <subfield code="a">Biblioteca de la Universidad de Oviedo</subfield>
            <subfield code="c">Oviedo</subfield>
            <subfield code="g">E-OVu</subfield>
         </datafield>
         <datafield tag="622" ind1=" " ind2=" ">
            <subfield code="e">Biblioteca de la Universidad de Oviedo, C/ San Francisco 1, 33003 Oviedo, Spain</subfield>
            <subfield code="u">https://buo.uniovi.es/inicio</subfield>
         </datafield>
      </record>