
      <record>
         <leader>00000nz  a2200169   4500</leader>
         <controlfield tag="001">30001390</controlfield>
         <controlfield tag="003">RISM</controlfield>
         <controlfield tag="005">20160216</controlfield>
         <controlfield tag="008">160216n||az|||||||##########||||||||||||</controlfield>
         <datafield tag="040" ind1=" " ind2=" ">
            <subfield code="a">E-P</subfield>
         </datafield>
         <datafield tag="043" ind1=" " ind2=" ">
            <subfield code="c">XA-ES</subfield>
         </datafield>
         <datafield tag="110" ind1="2" ind2=" ">
            <subfield code="a">Catedral de Plasencia, Archivo de Música</subfield>
            <subfield code="c">Plasencia</subfield>
            <subfield code="g">E-P</subfield>
         </datafield>
         <datafield tag="622" ind1=" " ind2=" ">
            <subfield code="e">Catedral de Plasencia, Archivo de Música, Pl. de la Catedral, s/n, 10600 Plasencia, Spain</subfield>
            <subfield code="u">http://www.diocesisplasencia.org/w/</subfield>
         </datafield>
      </record>