
      <record>
         <leader>00000nz  a2200169   4500</leader>
         <controlfield tag="001">30001501</controlfield>
         <controlfield tag="003">RISM</controlfield>
         <controlfield tag="005">20160216</controlfield>
         <controlfield tag="008">160216n||az|||||||##########||||||||||||</controlfield>
         <datafield tag="040" ind1=" " ind2=" ">
            <subfield code="a">E-PAbm</subfield>
         </datafield>
         <datafield tag="043" ind1=" " ind2=" ">
            <subfield code="c">XA-ES</subfield>
         </datafield>
         <datafield tag="110" ind1="2" ind2=" ">
            <subfield code="a">Biblioteca de la Fundación Bartolomé March</subfield>
            <subfield code="c">Palma de Mallorca</subfield>
            <subfield code="g">E-PAbm</subfield>
         </datafield>
         <datafield tag="622" ind1=" " ind2=" ">
            <subfield code="e">Biblioteca de la Fundación Bartolomé,  March, c/ Conquistador, 13, 07001 Palma de Mallorca, Spain</subfield>
            <subfield code="u">http://www.fundacionbmarch.es/page1.php?q=23</subfield>
         </datafield>
      </record>