
      <record>
         <leader>00000nz  a2200169   4500</leader>
         <controlfield tag="001">30002969</controlfield>
         <controlfield tag="003">RISM</controlfield>
         <controlfield tag="005">20160216</controlfield>
         <controlfield tag="008">160216n||az|||||||##########||||||||||||</controlfield>
         <datafield tag="040" ind1=" " ind2=" ">
            <subfield code="a">E-PAc</subfield>
         </datafield>
         <datafield tag="043" ind1=" " ind2=" ">
            <subfield code="c">XA-ES</subfield>
         </datafield>
         <datafield tag="110" ind1="2" ind2=" ">
            <subfield code="a">Archivo Capitular de Mallorca</subfield>
            <subfield code="c">Palma de Mallorca</subfield>
            <subfield code="g">E-PAc</subfield>
         </datafield>
         <datafield tag="622" ind1=" " ind2=" ">
            <subfield code="e">Archivo Capitular de Mallorca, Catedral de Mallorca, Pl. de la Seu, s/n, 07001 Palma de Mallorca, Spain</subfield>
            <subfield code="u">http://www.catedraldemallorca.info/principal/es/patrimonio/archivo</subfield>
         </datafield>
      </record>