
      <record>
         <leader>00000nz  a2200169   4500</leader>
         <controlfield tag="001">30079653</controlfield>
         <controlfield tag="003">RISM</controlfield>
         <controlfield tag="005">20160216</controlfield>
         <controlfield tag="008">160216n||az|||||||##########||||||||||||</controlfield>
         <datafield tag="040" ind1=" " ind2=" ">
            <subfield code="a">E-PAcdm</subfield>
         </datafield>
         <datafield tag="043" ind1=" " ind2=" ">
            <subfield code="c">ES</subfield>
         </datafield>
         <datafield tag="110" ind1="2" ind2=" ">
            <subfield code="a">Partituroteca i Centre de Documentació Musical</subfield>
            <subfield code="c">Palma de Mallorca</subfield>
            <subfield code="g">E-PAcdm</subfield>
         </datafield>
         <datafield tag="622" ind1=" " ind2=" ">
            <subfield code="e">Partituroteca i Centre de Documentació,  Musical, Edifici Sa Riera, c/ Miquel dels Sants Oliver, 2  3º, 07122 Palma de Mallorca, Spain</subfield>
            <subfield code="u">http://goo.gl/KK24tX</subfield>
         </datafield>
      </record>