
      <record>
         <leader>00000nz  a2200169   4500</leader>
         <controlfield tag="001">30079652</controlfield>
         <controlfield tag="003">RISM</controlfield>
         <controlfield tag="005">20160216</controlfield>
         <controlfield tag="008">160216n||az|||||||##########||||||||||||</controlfield>
         <datafield tag="040" ind1=" " ind2=" ">
            <subfield code="a">E-PAcm</subfield>
         </datafield>
         <datafield tag="110" ind1="2" ind2=" ">
            <subfield code="a">Arxiu General del Consell de Mallorca (AGCM)</subfield>
            <subfield code="c">Palma de Mallorca</subfield>
            <subfield code="g">E-PAcm</subfield>
         </datafield>
         <datafield tag="622" ind1=" " ind2=" ">
            <subfield code="e">Arxiu General del Consell de Mallorca,  (AGCM), c/ Ciutat de Querètaro, 3, 07007 Palma de Mallorca, Spain</subfield>
            <subfield code="u">http://goo.gl/ylDpFb</subfield>
         </datafield>
      </record>