
      <record>
         <leader>00000nz  a2200169   4500</leader>
         <controlfield tag="001">30079058</controlfield>
         <controlfield tag="003">RISM</controlfield>
         <controlfield tag="005">20160216</controlfield>
         <controlfield tag="008">160216n||az|||||||##########||||||||||||</controlfield>
         <datafield tag="040" ind1=" " ind2=" ">
            <subfield code="a">E-PAf</subfield>
         </datafield>
         <datafield tag="043" ind1=" " ind2=" ">
            <subfield code="c">ES</subfield>
         </datafield>
         <datafield tag="110" ind1="2" ind2=" ">
            <subfield code="a">Congregación del Oratorio de San Felipe Neri, Arxiu</subfield>
            <subfield code="c">Palma de Mallorca</subfield>
            <subfield code="g">E-PAf</subfield>
         </datafield>
         <datafield tag="410" ind1="2" ind2=" ">
            <subfield code="a">Archivo de la Iglesia de Sant Felipe Neri (Filipenses)</subfield>
         </datafield>
         <datafield tag="622" ind1=" " ind2=" ">
            <subfield code="e">Congregación del Oratorio de San Felipe,  Neri, Arxiu, c/ Sant Felip Neri, 1, 07002 Palma de Mallorca, Spain</subfield>
         </datafield>
      </record>