
      <record>
         <leader>00000nz  a2200169   4500</leader>
         <controlfield tag="001">30000071</controlfield>
         <controlfield tag="003">RISM</controlfield>
         <controlfield tag="005">20160216</controlfield>
         <controlfield tag="008">160216n||az|||||||##########||||||||||||</controlfield>
         <datafield tag="040" ind1=" " ind2=" ">
            <subfield code="a">E-PAL</subfield>
         </datafield>
         <datafield tag="043" ind1=" " ind2=" ">
            <subfield code="c">XA-ES</subfield>
         </datafield>
         <datafield tag="110" ind1="2" ind2=" ">
            <subfield code="a">Catedral de San Antolín, Archivo de Música</subfield>
            <subfield code="c">Palencia</subfield>
            <subfield code="g">E-PAL</subfield>
         </datafield>
         <datafield tag="622" ind1=" " ind2=" ">
            <subfield code="e">Catedral de San Antolín, Archivo de,  Música, Plaza de San Antolín s/n, 34005 Palencia, Spain</subfield>
         </datafield>
      </record>