
      <record>
         <leader>00000nz  a2200169   4500</leader>
         <controlfield tag="001">30080157</controlfield>
         <controlfield tag="003">RISM</controlfield>
         <controlfield tag="005">20160216</controlfield>
         <controlfield tag="008">160216n||az|||||||##########||||||||||||</controlfield>
         <datafield tag="040" ind1=" " ind2=" ">
            <subfield code="a">E-PAMap</subfield>
         </datafield>
         <datafield tag="043" ind1=" " ind2=" ">
            <subfield code="c">ES</subfield>
         </datafield>
         <datafield tag="110" ind1="2" ind2=" ">
            <subfield code="a">Archivo del Patrimonio Inmaterial de Navarra</subfield>
            <subfield code="c">Pamplona</subfield>
            <subfield code="g">E-PAMap</subfield>
         </datafield>
         <datafield tag="410" ind1="2" ind2=" ">
            <subfield code="a">Universidad Pública de Navarra. Departamento de Filología y Didáctica de la Lengua</subfield>
         </datafield>
         <datafield tag="622" ind1=" " ind2=" ">
            <subfield code="e">Archivo del Patrimonio Inmaterial de,  Navarra, Edificio de los Magnolios, Campus de Arrosadía, s/n, 31006 Pamplona, Spain</subfield>
            <subfield code="u">http://www.navarchivo.com/index.php/es</subfield>
         </datafield>
      </record>