
      <record>
         <leader>00000nz  a2200169   4500</leader>
         <controlfield tag="001">30003310</controlfield>
         <controlfield tag="003">RISM</controlfield>
         <controlfield tag="005">20160216</controlfield>
         <controlfield tag="008">160216n||az|||||||##########||||||||||||</controlfield>
         <datafield tag="040" ind1=" " ind2=" ">
            <subfield code="a">E-PAMc</subfield>
         </datafield>
         <datafield tag="043" ind1=" " ind2=" ">
            <subfield code="c">XA-ES</subfield>
         </datafield>
         <datafield tag="110" ind1="2" ind2=" ">
            <subfield code="a">Archivo y Biblioteca Capitulares de Pamplona</subfield>
            <subfield code="c">Pamplona</subfield>
            <subfield code="g">E-PAMc</subfield>
         </datafield>
         <datafield tag="410" ind1="2" ind2=" ">
            <subfield code="a">Catedral, Archivo</subfield>
         </datafield>
         <datafield tag="622" ind1=" " ind2=" ">
            <subfield code="e">Archivo y Biblioteca Capitulares de,  Pamplona, Catedral, c/ Curia, s/n, 31001 Pamplona, Spain</subfield>
            <subfield code="u">http://www.catedraldepamplona.com/es/biblioteca/archivo.php</subfield>
         </datafield>
      </record>