
      <record>
         <leader>00000nz  a2200169   4500</leader>
         <controlfield tag="001">30079659</controlfield>
         <controlfield tag="003">RISM</controlfield>
         <controlfield tag="005">20160216</controlfield>
         <controlfield tag="008">160216n||az|||||||##########||||||||||||</controlfield>
         <datafield tag="040" ind1=" " ind2=" ">
            <subfield code="a">E-PAMcap</subfield>
         </datafield>
         <datafield tag="043" ind1=" " ind2=" ">
            <subfield code="c">ES</subfield>
         </datafield>
         <datafield tag="110" ind1="2" ind2=" ">
            <subfield code="a">Biblioteca Central de los Padres Capuchinos</subfield>
            <subfield code="c">Pamplona</subfield>
            <subfield code="g">E-PAMcap</subfield>
         </datafield>
         <datafield tag="622" ind1=" " ind2=" ">
            <subfield code="e">Biblioteca Central de los Padres,  Capuchinos, c/ Padre Andoain, 1, 31015 Pamplona, Spain</subfield>
         </datafield>
      </record>