
      <record>
         <leader>00000nz  a2200169   4500</leader>
         <controlfield tag="001">30080198</controlfield>
         <controlfield tag="003">RISM</controlfield>
         <controlfield tag="005">20160216</controlfield>
         <controlfield tag="008">160216n||az|||||||##########||||||||||||</controlfield>
         <datafield tag="040" ind1=" " ind2=" ">
            <subfield code="a">E-PAmd</subfield>
         </datafield>
         <datafield tag="043" ind1=" " ind2=" ">
            <subfield code="c">ES</subfield>
         </datafield>
         <datafield tag="110" ind1="2" ind2=" ">
            <subfield code="a">Museu Diocesà de Mallorca</subfield>
            <subfield code="c">Palma de Mallorca</subfield>
            <subfield code="g">E-PAmd</subfield>
         </datafield>
         <datafield tag="622" ind1=" " ind2=" ">
            <subfield code="e">Museu Diocesà de Mallorca, Palau Episcopal, c/ Mirador, 5, 07001 Palma de Mallorca, Spain</subfield>
            <subfield code="u">http://www.bisbatdemallorca.com/</subfield>
         </datafield>
      </record>