
      <record>
         <leader>00000nz  a2200169   4500</leader>
         <controlfield tag="001">30003311</controlfield>
         <controlfield tag="003">RISM</controlfield>
         <controlfield tag="005">20160216</controlfield>
         <controlfield tag="008">160216n||az|||||||##########||||||||||||</controlfield>
         <datafield tag="040" ind1=" " ind2=" ">
            <subfield code="a">E-PAMm</subfield>
         </datafield>
         <datafield tag="043" ind1=" " ind2=" ">
            <subfield code="c">XA-ES</subfield>
         </datafield>
         <datafield tag="110" ind1="2" ind2=" ">
            <subfield code="a">Museo Sarasate</subfield>
            <subfield code="c">Pamplona</subfield>
            <subfield code="g">E-PAMm</subfield>
         </datafield>
         <datafield tag="622" ind1=" " ind2=" ">
            <subfield code="e">Museo Sarasate, Palacio del Condestable, c/ Mayor, 2, 31001 Pamplona, Spain</subfield>
            <subfield code="u">http://goo.gl/gY18qq</subfield>
         </datafield>
      </record>