
      <record>
         <leader>00000nz  a2200169   4500</leader>
         <controlfield tag="001">30001391</controlfield>
         <controlfield tag="003">RISM</controlfield>
         <controlfield tag="005">20160216</controlfield>
         <controlfield tag="008">160216n||az|||||||##########||||||||||||</controlfield>
         <datafield tag="040" ind1=" " ind2=" ">
            <subfield code="a">E-PAp</subfield>
         </datafield>
         <datafield tag="043" ind1=" " ind2=" ">
            <subfield code="c">XA-ES</subfield>
         </datafield>
         <datafield tag="110" ind1="2" ind2=" ">
            <subfield code="a">Biblioteca Pública de Mallorca</subfield>
            <subfield code="c">Palma de Mallorca</subfield>
            <subfield code="g">E-PAp</subfield>
         </datafield>
         <datafield tag="410" ind1="2" ind2=" ">
            <subfield code="a">Biblioteca Provincial</subfield>
         </datafield>
         <datafield tag="622" ind1=" " ind2=" ">
            <subfield code="e">Biblioteca Pública de Mallorca, Can Sales, Pl. Porta Santa Catalina, 24, 07012 Palma de Mallorca, Spain</subfield>
            <subfield code="u">http://www.bibliotecapalma.com/index.php/es/</subfield>
         </datafield>
      </record>