
      <record>
         <leader>00000nz  a2200169   4500</leader>
         <controlfield tag="001">30001392</controlfield>
         <controlfield tag="003">RISM</controlfield>
         <controlfield tag="005">20160216</controlfield>
         <controlfield tag="008">160216n||az|||||||##########||||||||||||</controlfield>
         <datafield tag="040" ind1=" " ind2=" ">
            <subfield code="a">E-PAS</subfield>
         </datafield>
         <datafield tag="043" ind1=" " ind2=" ">
            <subfield code="c">XA-ES</subfield>
         </datafield>
         <datafield tag="110" ind1="2" ind2=" ">
            <subfield code="a">Archivo del Museo Parroquial de Pastrana</subfield>
            <subfield code="c">Pastrana</subfield>
            <subfield code="g">E-PAS</subfield>
         </datafield>
         <datafield tag="622" ind1=" " ind2=" ">
            <subfield code="e">Archivo del Museo Parroquial de Pastrana, c/ Melchor Cano, 1, 19100 Pastrana, Spain</subfield>
            <subfield code="u">http://www4.planalfa.es/obsiguenza/MusPastr.htm</subfield>
         </datafield>
      </record>