
      <record>
         <leader>00000nz  a2200169   4500</leader>
         <controlfield tag="001">30080190</controlfield>
         <controlfield tag="003">RISM</controlfield>
         <controlfield tag="005">20160216</controlfield>
         <controlfield tag="008">160216n||az|||||||##########||||||||||||</controlfield>
         <datafield tag="040" ind1=" " ind2=" ">
            <subfield code="a">E-PATsc</subfield>
         </datafield>
         <datafield tag="043" ind1=" " ind2=" ">
            <subfield code="c">ES</subfield>
         </datafield>
         <datafield tag="110" ind1="2" ind2=" ">
            <subfield code="a">Monasterio de Santa Catalina de Siena, Archivo</subfield>
            <subfield code="c">Paterna</subfield>
            <subfield code="g">E-PATsc</subfield>
         </datafield>
         <datafield tag="622" ind1=" " ind2=" ">
            <subfield code="e">Monasterio de Santa Catalina de Siena,,  Archivo, c/ Sueca, s/n, 46980 Paterna, Spain</subfield>
         </datafield>
      </record>