
      <record>
         <leader>00000nz  a2200169   4500</leader>
         <controlfield tag="001">30079606</controlfield>
         <controlfield tag="003">RISM</controlfield>
         <controlfield tag="005">20160216</controlfield>
         <controlfield tag="008">160216n||az|||||||##########||||||||||||</controlfield>
         <datafield tag="040" ind1=" " ind2=" ">
            <subfield code="a">E-PBL</subfield>
         </datafield>
         <datafield tag="043" ind1=" " ind2=" ">
            <subfield code="c">ES</subfield>
         </datafield>
         <datafield tag="110" ind1="2" ind2=" ">
            <subfield code="a">Arxiu Municipal de La Pobla de Lillet</subfield>
            <subfield code="c">La Pobla de Lillet</subfield>
            <subfield code="g">E-PBL</subfield>
         </datafield>
         <datafield tag="622" ind1=" " ind2=" ">
            <subfield code="e">Arxiu Municipal de La Pobla de Lillet, Pza. de l'Ajuntament, s/n, 08696 La Pobla de Lillet, Spain</subfield>
            <subfield code="u">http://www.poblalillet.cat/catala/ajuntament/anuncis-de-gestio-municipal/arxiu-municipal/</subfield>
         </datafield>
      </record>