
      <record>
         <leader>00000nz  a2200169   4500</leader>
         <controlfield tag="001">30079564</controlfield>
         <controlfield tag="003">RISM</controlfield>
         <controlfield tag="005">20160216</controlfield>
         <controlfield tag="008">160216n||az|||||||##########||||||||||||</controlfield>
         <datafield tag="040" ind1=" " ind2=" ">
            <subfield code="a">E-PED</subfield>
         </datafield>
         <datafield tag="043" ind1=" " ind2=" ">
            <subfield code="c">ES</subfield>
         </datafield>
         <datafield tag="110" ind1="2" ind2=" ">
            <subfield code="a">Palacio de los Duques de Villahermosa. Biblioteca</subfield>
            <subfield code="c">Pedrola</subfield>
            <subfield code="g">E-PED</subfield>
         </datafield>
         <datafield tag="622" ind1=" " ind2=" ">
            <subfield code="e">Palacio de los Duques de Villahermosa.,  Biblioteca, 50690 Pedrola, Spain</subfield>
         </datafield>
      </record>