
      <record>
         <leader>00000nz  a2200169   4500</leader>
         <controlfield tag="001">30079060</controlfield>
         <controlfield tag="003">RISM</controlfield>
         <controlfield tag="005">20160216</controlfield>
         <controlfield tag="008">160216n||az|||||||##########||||||||||||</controlfield>
         <datafield tag="040" ind1=" " ind2=" ">
            <subfield code="a">E-PG</subfield>
         </datafield>
         <datafield tag="043" ind1=" " ind2=" ">
            <subfield code="c">ES</subfield>
         </datafield>
         <datafield tag="110" ind1="2" ind2=" ">
            <subfield code="a">Arxiu Comarcal de la Cerdanya (ACCE)</subfield>
            <subfield code="c">Puigcerdà</subfield>
            <subfield code="g">E-PG</subfield>
         </datafield>
         <datafield tag="410" ind1="2" ind2=" ">
            <subfield code="a">Archivo Comarcal de la Cerdanya</subfield>
         </datafield>
         <datafield tag="410" ind1="2" ind2=" ">
            <subfield code="a">Arxiu Històric Comarcal de Puigcerdà</subfield>
         </datafield>
         <datafield tag="622" ind1=" " ind2=" ">
            <subfield code="e">Arxiu Comarcal de la Cerdanya (ACCE), Passeig Deu d'Abril, 2 2º, 17520 Puigcerdà, Spain</subfield>
            <subfield code="u">http://cultura.gencat.cat/arxius/acce</subfield>
         </datafield>
      </record>