
      <record>
         <leader>00000nz  a2200169   4500</leader>
         <controlfield tag="001">30079611</controlfield>
         <controlfield tag="003">RISM</controlfield>
         <controlfield tag="005">20160216</controlfield>
         <controlfield tag="008">160216n||az|||||||##########||||||||||||</controlfield>
         <datafield tag="040" ind1=" " ind2=" ">
            <subfield code="a">E-PLF</subfield>
         </datafield>
         <datafield tag="043" ind1=" " ind2=" ">
            <subfield code="c">ES</subfield>
         </datafield>
         <datafield tag="110" ind1="2" ind2=" ">
            <subfield code="a">Fundació Ernest Morató</subfield>
            <subfield code="c">Palafrugell</subfield>
            <subfield code="g">E-PLF</subfield>
         </datafield>
         <datafield tag="622" ind1=" " ind2=" ">
            <subfield code="e">Fundació Ernest Morató, Can Roses, Pza. de l'Església, 8  1º, 17200 Palafrugell, Spain</subfield>
            <subfield code="u">http://www.fundacioem.com/ca/</subfield>
         </datafield>
      </record>