
      <record>
         <leader>00000nz  a2200169   4500</leader>
         <controlfield tag="001">30079648</controlfield>
         <controlfield tag="003">RISM</controlfield>
         <controlfield tag="005">20160216</controlfield>
         <controlfield tag="008">160216n||az|||||||##########||||||||||||</controlfield>
         <datafield tag="040" ind1=" " ind2=" ">
            <subfield code="a">E-PNT</subfield>
         </datafield>
         <datafield tag="043" ind1=" " ind2=" ">
            <subfield code="c">ES</subfield>
         </datafield>
         <datafield tag="110" ind1="2" ind2=" ">
            <subfield code="a">Fundación Rogelio Groba</subfield>
            <subfield code="c">Ponteareas</subfield>
            <subfield code="g">E-PNT</subfield>
         </datafield>
         <datafield tag="622" ind1=" " ind2=" ">
            <subfield code="e">Fundación Rogelio Groba, c/ Darío Bugallal, 3, 36860  Ponteareas, Spain</subfield>
            <subfield code="u">http://www.fundacionrgroba.com/</subfield>
         </datafield>
      </record>