
      <record>
         <leader>00000nz  a2200169   4500</leader>
         <controlfield tag="001">30079649</controlfield>
         <controlfield tag="003">RISM</controlfield>
         <controlfield tag="005">20160216</controlfield>
         <controlfield tag="008">160216n||az|||||||##########||||||||||||</controlfield>
         <datafield tag="040" ind1=" " ind2=" ">
            <subfield code="a">E-POm</subfield>
         </datafield>
         <datafield tag="043" ind1=" " ind2=" ">
            <subfield code="c">ES</subfield>
         </datafield>
         <datafield tag="110" ind1="2" ind2=" ">
            <subfield code="a">Museo de Pontevedra. Arquivo Musical</subfield>
            <subfield code="c">Pontevedra</subfield>
            <subfield code="g">E-POm</subfield>
         </datafield>
         <datafield tag="622" ind1=" " ind2=" ">
            <subfield code="e">Museo de Pontevedra. Arquivo Musical, c/ Pasantería, 2–12, 36002  Pontevedra, Spain</subfield>
            <subfield code="u">http://www.museo.depo.es/</subfield>
         </datafield>
      </record>