
      <record>
         <leader>00000nz  a2200169   4500</leader>
         <controlfield tag="001">30076560</controlfield>
         <controlfield tag="003">RISM</controlfield>
         <controlfield tag="005">20160216</controlfield>
         <controlfield tag="008">160216n||az|||||||##########||||||||||||</controlfield>
         <datafield tag="040" ind1=" " ind2=" ">
            <subfield code="a">E-PRI</subfield>
         </datafield>
         <datafield tag="043" ind1=" " ind2=" ">
            <subfield code="c">XA-ES</subfield>
         </datafield>
         <datafield tag="110" ind1="2" ind2=" ">
            <subfield code="a">Parroquia de Santa María de la Asunción, Archivo</subfield>
            <subfield code="c">Priego de Córdoba</subfield>
            <subfield code="g">E-PRI</subfield>
         </datafield>
         <datafield tag="622" ind1=" " ind2=" ">
            <subfield code="e">Parroquia de Santa María de la, Asunción, Archivo, 14800 Priego de Córdoba, Spain</subfield>
         </datafield>
      </record>