
      <record>
         <leader>00000nz  a2200169   4500</leader>
         <controlfield tag="001">30005476</controlfield>
         <controlfield tag="003">RISM</controlfield>
         <controlfield tag="005">20160216</controlfield>
         <controlfield tag="008">160216n||az|||||||##########||||||||||||</controlfield>
         <datafield tag="040" ind1=" " ind2=" ">
            <subfield code="a">E-PUa</subfield>
         </datafield>
         <datafield tag="043" ind1=" " ind2=" ">
            <subfield code="c">XA-ES</subfield>
         </datafield>
         <datafield tag="110" ind1="2" ind2=" ">
            <subfield code="a">Archivo Municipal del Patrimonio Histórico</subfield>
            <subfield code="c">El Puerto de Santa María</subfield>
            <subfield code="g">E-PUa</subfield>
         </datafield>
         <datafield tag="622" ind1=" " ind2=" ">
            <subfield code="e">Archivo Municipal del Patrimonio,  Histórico, Plaza Ave María, 2, 11500 El Puerto de Santa María, Spain</subfield>
         </datafield>
      </record>