
      <record>
         <leader>00000nz  a2200169   4500</leader>
         <controlfield tag="001">30005486</controlfield>
         <controlfield tag="003">RISM</controlfield>
         <controlfield tag="005">20160216</controlfield>
         <controlfield tag="008">160216n||az|||||||##########||||||||||||</controlfield>
         <datafield tag="040" ind1=" " ind2=" ">
            <subfield code="a">E-RE</subfield>
         </datafield>
         <datafield tag="043" ind1=" " ind2=" ">
            <subfield code="c">XA-ES</subfield>
         </datafield>
         <datafield tag="110" ind1="2" ind2=" ">
            <subfield code="a">ERESBIL - Musikaren Euskal Artxiboa</subfield>
            <subfield code="c">Rentería</subfield>
            <subfield code="g">E-RE</subfield>
         </datafield>
         <datafield tag="410" ind1="2" ind2=" ">
            <subfield code="a">ERESBIL - Archivo Vasco de la Música</subfield>
         </datafield>
         <datafield tag="622" ind1=" " ind2=" ">
            <subfield code="e">ERESBIL - Musikaren Euskal Artxiboa, c/ Alfonso XI, 2, 20100 Rentería, Spain</subfield>
            <subfield code="u">http://www.eresbil.com/</subfield>
         </datafield>
      </record>