
      <record>
         <leader>00000nz  a2200169   4500</leader>
         <controlfield tag="001">30080189</controlfield>
         <controlfield tag="003">RISM</controlfield>
         <controlfield tag="005">20160216</controlfield>
         <controlfield tag="008">160216n||az|||||||##########||||||||||||</controlfield>
         <datafield tag="040" ind1=" " ind2=" ">
            <subfield code="a">E-REQ</subfield>
         </datafield>
         <datafield tag="043" ind1=" " ind2=" ">
            <subfield code="c">ES</subfield>
         </datafield>
         <datafield tag="110" ind1="2" ind2=" ">
            <subfield code="a">Archivo Municipal de Requena. Archivo sonoro Fermín Pardo</subfield>
            <subfield code="c">Requena</subfield>
            <subfield code="g">E-REQ</subfield>
         </datafield>
         <datafield tag="622" ind1=" " ind2=" ">
            <subfield code="e">Archivo Municipal de Requena. Archivo,  sonoro Fermín Pardo, Casa de Santa Teresa, c/ Santa María, 24, 46340 Requena, Spain</subfield>
            <subfield code="u">http://www.bibliotecaspublicas.es/requena/</subfield>
         </datafield>
      </record>