
      <record>
         <leader>00000nz  a2200169   4500</leader>
         <controlfield tag="001">30079061</controlfield>
         <controlfield tag="003">RISM</controlfield>
         <controlfield tag="005">20160216</controlfield>
         <controlfield tag="008">160216n||az|||||||##########||||||||||||</controlfield>
         <datafield tag="040" ind1=" " ind2=" ">
            <subfield code="a">E-REU</subfield>
         </datafield>
         <datafield tag="043" ind1=" " ind2=" ">
            <subfield code="c">ES</subfield>
         </datafield>
         <datafield tag="110" ind1="2" ind2=" ">
            <subfield code="a">Arxiu de l’Església Prioral de Sant Pere de Reus</subfield>
            <subfield code="c">Reus</subfield>
            <subfield code="g">E-REU</subfield>
         </datafield>
         <datafield tag="622" ind1=" " ind2=" ">
            <subfield code="e">Arxiu de l’Església Prioral de Sant Pere,  de Reus, Abadia, 2, 43201 Reus, Spain</subfield>
            <subfield code="u">http://www.prioraldereus.com</subfield>
         </datafield>
      </record>