
      <record>
         <leader>00000nz  a2200169   4500</leader>
         <controlfield tag="001">30079062</controlfield>
         <controlfield tag="003">RISM</controlfield>
         <controlfield tag="005">20160216</controlfield>
         <controlfield tag="008">160216n||az|||||||##########||||||||||||</controlfield>
         <datafield tag="040" ind1=" " ind2=" ">
            <subfield code="a">E-RI</subfield>
         </datafield>
         <datafield tag="043" ind1=" " ind2=" ">
            <subfield code="c">ES</subfield>
         </datafield>
         <datafield tag="110" ind1="2" ind2=" ">
            <subfield code="a">Arxiu Comarcal del Ripollès (ACRI)</subfield>
            <subfield code="c">Ripoll</subfield>
            <subfield code="g">E-RI</subfield>
         </datafield>
         <datafield tag="410" ind1="2" ind2=" ">
            <subfield code="a">Arxiu Museu</subfield>
         </datafield>
         <datafield tag="410" ind1="2" ind2=" ">
            <subfield code="a">Archivo Comarcal del Ripollès</subfield>
         </datafield>
         <datafield tag="622" ind1=" " ind2=" ">
            <subfield code="e">Arxiu Comarcal del Ripollès (ACRI), Hospital Vell, Raval de l’Hospital, 1, 17500 Ripoll, Spain</subfield>
            <subfield code="u">http://www.arxiucomarcalderipoll.org</subfield>
         </datafield>
      </record>