
      <record>
         <leader>00000nz  a2200169   4500</leader>
         <controlfield tag="001">30080141</controlfield>
         <controlfield tag="003">RISM</controlfield>
         <controlfield tag="005">20160216</controlfield>
         <controlfield tag="008">160216n||az|||||||##########||||||||||||</controlfield>
         <datafield tag="040" ind1=" " ind2=" ">
            <subfield code="a">E-RIBme</subfield>
         </datafield>
         <datafield tag="043" ind1=" " ind2=" ">
            <subfield code="c">ES</subfield>
         </datafield>
         <datafield tag="110" ind1="2" ind2=" ">
            <subfield code="a">Museo Etnolóxico de Ribadavia</subfield>
            <subfield code="c">Ribadavia</subfield>
            <subfield code="g">E-RIBme</subfield>
         </datafield>
         <datafield tag="622" ind1=" " ind2=" ">
            <subfield code="e">Museo Etnolóxico de Ribadavia, Rúa de Santiago, 10, 32400 Ribadavia, Spain</subfield>
            <subfield code="u">http://museoetnoloxicoribadavia.blogspot.com.es/</subfield>
         </datafield>
      </record>