
      <record>
         <leader>00000nz  a2200169   4500</leader>
         <controlfield tag="001">30002970</controlfield>
         <controlfield tag="003">RISM</controlfield>
         <controlfield tag="005">20160216</controlfield>
         <controlfield tag="008">160216n||az|||||||##########||||||||||||</controlfield>
         <datafield tag="040" ind1=" " ind2=" ">
            <subfield code="a">E-RO</subfield>
         </datafield>
         <datafield tag="043" ind1=" " ind2=" ">
            <subfield code="c">XA-ES</subfield>
         </datafield>
         <datafield tag="110" ind1="2" ind2=" ">
            <subfield code="a">Colegiata de Santa María, Biblioteca</subfield>
            <subfield code="c">Roncesvalles</subfield>
            <subfield code="g">E-RO</subfield>
         </datafield>
         <datafield tag="410" ind1="2" ind2=" ">
            <subfield code="a">Monasterio Santa María, Biblioteca</subfield>
         </datafield>
      </record>