
      <record>
         <leader>00000nz  a2200169   4500</leader>
         <controlfield tag="001">30076145</controlfield>
         <controlfield tag="003">RISM</controlfield>
         <controlfield tag="005">20160216</controlfield>
         <controlfield tag="008">160216n||az|||||||##########||||||||||||</controlfield>
         <datafield tag="040" ind1=" " ind2=" ">
            <subfield code="a">E-RON</subfield>
         </datafield>
         <datafield tag="043" ind1=" " ind2=" ">
            <subfield code="c">XA-ES</subfield>
         </datafield>
         <datafield tag="110" ind1="2" ind2=" ">
            <subfield code="a">Colegiata de Santa María</subfield>
            <subfield code="c">Ronda (Málaga)</subfield>
            <subfield code="g">E-RON</subfield>
         </datafield>
         <datafield tag="410" ind1="2" ind2=" ">
            <subfield code="a">Santa María de la Encarnación la Mayor</subfield>
         </datafield>
         <datafield tag="622" ind1=" " ind2=" ">
            <subfield code="e">Colegiata de Santa María, 29400 Ronda, Spain</subfield>
         </datafield>
      </record>