
      <record>
         <leader>00000nz  a2200169   4500</leader>
         <controlfield tag="001">30006188</controlfield>
         <controlfield tag="003">RISM</controlfield>
         <controlfield tag="005">20160216</controlfield>
         <controlfield tag="008">160216n||az|||||||##########||||||||||||</controlfield>
         <datafield tag="040" ind1=" " ind2=" ">
            <subfield code="a">E-ROrc</subfield>
         </datafield>
         <datafield tag="043" ind1=" " ind2=" ">
            <subfield code="c">XA-ES</subfield>
         </datafield>
         <datafield tag="110" ind1="2" ind2=" ">
            <subfield code="a">Biblioteca y Museo de Roncesvalles</subfield>
            <subfield code="c">Roncesvalles</subfield>
            <subfield code="g">E-ROrc</subfield>
         </datafield>
         <datafield tag="410" ind1="2" ind2=" ">
            <subfield code="a">Real Colegiata, Archivo</subfield>
         </datafield>
         <datafield tag="622" ind1=" " ind2=" ">
            <subfield code="e">Biblioteca y Museo de Roncesvalles, Real Colegiata Santa María de,  Roncesvalles, 31650 Orreaga - Roncesvalles, Spain</subfield>
            <subfield code="u">http://www.roncesvalles.es/</subfield>
         </datafield>
      </record>