
      <record>
         <leader>00000nz  a2200169   4500</leader>
         <controlfield tag="001">30001394</controlfield>
         <controlfield tag="003">RISM</controlfield>
         <controlfield tag="005">20160216</controlfield>
         <controlfield tag="008">160216n||az|||||||##########||||||||||||</controlfield>
         <datafield tag="040" ind1=" " ind2=" ">
            <subfield code="a">E-SA</subfield>
         </datafield>
         <datafield tag="043" ind1=" " ind2=" ">
            <subfield code="c">XA-ES</subfield>
         </datafield>
         <datafield tag="110" ind1="2" ind2=" ">
            <subfield code="a">Archivo y Biblioteca de la Catedral de Salamanca</subfield>
            <subfield code="c">Salamanca</subfield>
            <subfield code="g">E-SA</subfield>
         </datafield>
         <datafield tag="410" ind1="2" ind2=" ">
            <subfield code="a">Catedral, Archivo Musical</subfield>
         </datafield>
         <datafield tag="622" ind1=" " ind2=" ">
            <subfield code="e">Archivo y Biblioteca de la Catedral de,  Salamanca, Catedral Vieja, c/ Plá y Deniel, s/n, 37008 Salamanca, Spain</subfield>
            <subfield code="u">http://www.catedralsalamanca.org/musica.htm</subfield>
         </datafield>
      </record>