
      <record>
         <leader>00000nz  a2200169   4500</leader>
         <controlfield tag="001">30079063</controlfield>
         <controlfield tag="003">RISM</controlfield>
         <controlfield tag="005">20160216</controlfield>
         <controlfield tag="008">160216n||az|||||||##########||||||||||||</controlfield>
         <datafield tag="040" ind1=" " ind2=" ">
            <subfield code="a">E-SAB</subfield>
         </datafield>
         <datafield tag="043" ind1=" " ind2=" ">
            <subfield code="c">ES</subfield>
         </datafield>
         <datafield tag="110" ind1="2" ind2=" ">
            <subfield code="a">Arxiu Històric Municipal de Sabadell</subfield>
            <subfield code="c">Sabadell</subfield>
            <subfield code="g">E-SAB</subfield>
         </datafield>
         <datafield tag="410" ind1="2" ind2=" ">
            <subfield code="a">Archivo Histórico Municipal de Sabadell</subfield>
         </datafield>
         <datafield tag="622" ind1=" " ind2=" ">
            <subfield code="e">Arxiu Històric Municipal de Sabadell, Indústria, 32-34, 08202 Sabadell, Spain</subfield>
            <subfield code="u">http://ca.sabadell.cat/ahs/p/portada_cat.asp</subfield>
         </datafield>
      </record>