
      <record>
         <leader>00000nz  a2200169   4500</leader>
         <controlfield tag="001">30006222</controlfield>
         <controlfield tag="003">RISM</controlfield>
         <controlfield tag="005">20160216</controlfield>
         <controlfield tag="008">160216n||az|||||||##########||||||||||||</controlfield>
         <datafield tag="040" ind1=" " ind2=" ">
            <subfield code="a">E-SAc</subfield>
         </datafield>
         <datafield tag="043" ind1=" " ind2=" ">
            <subfield code="c">XA-ES</subfield>
         </datafield>
         <datafield tag="110" ind1="2" ind2=" ">
            <subfield code="a">Biblioteca del Conservatorio Superior de Música de Salamanca</subfield>
            <subfield code="c">Salamanca</subfield>
            <subfield code="g">E-SAc</subfield>
         </datafield>
         <datafield tag="622" ind1=" " ind2=" ">
            <subfield code="e">Biblioteca del Conservatorio Superior de,  Música de Salamanca, c/ Lazarillo de Tormes 54-70, 37005 Salamanca, Spain</subfield>
            <subfield code="u">http://www.coscyl.com/</subfield>
         </datafield>
      </record>