
      <record>
         <leader>00000nz  a2200169   4500</leader>
         <controlfield tag="001">30080163</controlfield>
         <controlfield tag="003">RISM</controlfield>
         <controlfield tag="005">20160216</controlfield>
         <controlfield tag="008">160216n||az|||||||##########||||||||||||</controlfield>
         <datafield tag="040" ind1=" " ind2=" ">
            <subfield code="a">E-SAfcd</subfield>
         </datafield>
         <datafield tag="043" ind1=" " ind2=" ">
            <subfield code="c">ES</subfield>
         </datafield>
         <datafield tag="110" ind1="2" ind2=" ">
            <subfield code="a">Fundación Caja Duero. Escuela de Nobles y Bellas Artes de San Eloy</subfield>
            <subfield code="c">Salamanca</subfield>
            <subfield code="g">E-SAfcd</subfield>
         </datafield>
         <datafield tag="622" ind1=" " ind2=" ">
            <subfield code="e">Fundación Caja Duero. Escuela de Nobles,  y Bellas Artes de San Eloy, Palacio de San Boal, Pl. de San Boal, s/n, 37002 Salamanca, Spain</subfield>
         </datafield>
      </record>