
      <record>
         <leader>00000nz  a2200169   4500</leader>
         <controlfield tag="001">30005477</controlfield>
         <controlfield tag="003">RISM</controlfield>
         <controlfield tag="005">20160216</controlfield>
         <controlfield tag="008">160216n||az|||||||##########||||||||||||</controlfield>
         <datafield tag="040" ind1=" " ind2=" ">
            <subfield code="a">E-SAh</subfield>
         </datafield>
         <datafield tag="043" ind1=" " ind2=" ">
            <subfield code="c">XA-ES</subfield>
         </datafield>
         <datafield tag="110" ind1="2" ind2=" ">
            <subfield code="a">Archivo Histórico Provincial de Salamanca</subfield>
            <subfield code="c">Salamanca</subfield>
            <subfield code="g">E-SAh</subfield>
         </datafield>
         <datafield tag="622" ind1=" " ind2=" ">
            <subfield code="e">Archivo Histórico Provincial de,  Salamanca, C/ Las Mazas, s/n, 37071 Salamanca, Spain</subfield>
            <subfield code="u">http://goo.gl/GtrqKI</subfield>
         </datafield>
      </record>