
      <record>
         <leader>00000nz  a2200169   4500</leader>
         <controlfield tag="001">30079593</controlfield>
         <controlfield tag="003">RISM</controlfield>
         <controlfield tag="005">20160216</controlfield>
         <controlfield tag="008">160216n||az|||||||##########||||||||||||</controlfield>
         <datafield tag="040" ind1=" " ind2=" ">
            <subfield code="a">E-SAmh</subfield>
         </datafield>
         <datafield tag="043" ind1=" " ind2=" ">
            <subfield code="c">ES</subfield>
         </datafield>
         <datafield tag="110" ind1="2" ind2=" ">
            <subfield code="a">Centro Documental de la Memoria Histórica</subfield>
            <subfield code="c">Salamanca</subfield>
            <subfield code="g">E-SAmh</subfield>
         </datafield>
         <datafield tag="622" ind1=" " ind2=" ">
            <subfield code="e">Centro Documental de la Memoria,  Histórica, c/ Gibraltar, 2, 37008 Salamanca, Spain</subfield>
            <subfield code="u">http://goo.gl/ZxJANN</subfield>
         </datafield>
      </record>