
      <record>
         <leader>00000nz  a2200169   4500</leader>
         <controlfield tag="001">30006233</controlfield>
         <controlfield tag="003">RISM</controlfield>
         <controlfield tag="005">20160216</controlfield>
         <controlfield tag="008">160216n||az|||||||##########||||||||||||</controlfield>
         <datafield tag="040" ind1=" " ind2=" ">
            <subfield code="a">E-SANc</subfield>
         </datafield>
         <datafield tag="043" ind1=" " ind2=" ">
            <subfield code="c">XA-ES</subfield>
         </datafield>
         <datafield tag="110" ind1="2" ind2=" ">
            <subfield code="a">Archivo Catedralicio de Santander</subfield>
            <subfield code="c">Santander</subfield>
            <subfield code="g">E-SANc</subfield>
         </datafield>
         <datafield tag="622" ind1=" " ind2=" ">
            <subfield code="e">Archivo Catedralicio de Santander, c/ Juan Plaza García, s/n, 39002 Santander, Spain</subfield>
         </datafield>
      </record>