
      <record>
         <leader>00000nz  a2200169   4500</leader>
         <controlfield tag="001">30002958</controlfield>
         <controlfield tag="003">RISM</controlfield>
         <controlfield tag="005">20160216</controlfield>
         <controlfield tag="008">160216n||az|||||||##########||||||||||||</controlfield>
         <datafield tag="040" ind1=" " ind2=" ">
            <subfield code="a">E-SAu</subfield>
         </datafield>
         <datafield tag="043" ind1=" " ind2=" ">
            <subfield code="c">XA-ES</subfield>
         </datafield>
         <datafield tag="110" ind1="2" ind2=" ">
            <subfield code="a">Biblioteca General Histórica</subfield>
            <subfield code="c">Salamanca</subfield>
            <subfield code="g">E-SAu</subfield>
         </datafield>
         <datafield tag="410" ind1="2" ind2=" ">
            <subfield code="a">Universidad, Archivo y Biblioteca</subfield>
         </datafield>
         <datafield tag="410" ind1="2" ind2=" ">
            <subfield code="a">Universidad Pontificia, Biblioteca Universitaria</subfield>
         </datafield>
         <datafield tag="622" ind1=" " ind2=" ">
            <subfield code="e">Biblioteca General Histórica, Universidad de Salamanca. Edificio,  Escuelas Mayores, c/ Libreros, s/n, 37008 Salamanca, Spain</subfield>
            <subfield code="u">http://bibliotecahistorica.usal.es/</subfield>
         </datafield>
      </record>