
      <record>
         <leader>00000nz  a2200169   4500</leader>
         <controlfield tag="001">30006409</controlfield>
         <controlfield tag="003">RISM</controlfield>
         <controlfield tag="005">20160216</controlfield>
         <controlfield tag="008">160216n||az|||||||##########||||||||||||</controlfield>
         <datafield tag="040" ind1=" " ind2=" ">
            <subfield code="a">E-SAuf</subfield>
         </datafield>
         <datafield tag="043" ind1=" " ind2=" ">
            <subfield code="c">XA-ES</subfield>
         </datafield>
         <datafield tag="110" ind1="2" ind2=" ">
            <subfield code="a">Universidad Pontificia, Facultad de Filosofia y Letras</subfield>
            <subfield code="c">Salamanca</subfield>
            <subfield code="g">E-SAuf</subfield>
         </datafield>
         <datafield tag="580" ind1=" " ind2=" ">
            <subfield code="x">E-SAup</subfield>
            <subfield code="0">30003313</subfield>
         </datafield>
      </record>