
      <record>
         <leader>00000nz  a2200169   4500</leader>
         <controlfield tag="001">30003313</controlfield>
         <controlfield tag="003">RISM</controlfield>
         <controlfield tag="005">20160216</controlfield>
         <controlfield tag="008">160216n||az|||||||##########||||||||||||</controlfield>
         <datafield tag="040" ind1=" " ind2=" ">
            <subfield code="a">E-SAup</subfield>
         </datafield>
         <datafield tag="043" ind1=" " ind2=" ">
            <subfield code="c">XA-ES</subfield>
         </datafield>
         <datafield tag="110" ind1="2" ind2=" ">
            <subfield code="a">Universidad Pontificia de Salamanca, Biblioteca</subfield>
            <subfield code="c">Salamanca</subfield>
            <subfield code="g">E-SAup</subfield>
         </datafield>
         <datafield tag="622" ind1=" " ind2=" ">
            <subfield code="e">Universidad Pontificia de Salamanca,,  Biblioteca, C/ Compañía, 5, 37002 Salamanca, Spain</subfield>
            <subfield code="u">http://www.upsa.es/biblioteca/servicio/principal/index.php</subfield>
         </datafield>
      </record>