
      <record>
         <leader>00000nz  a2200169   4500</leader>
         <controlfield tag="001">30000072</controlfield>
         <controlfield tag="003">RISM</controlfield>
         <controlfield tag="005">20160216</controlfield>
         <controlfield tag="008">160216n||az|||||||##########||||||||||||</controlfield>
         <datafield tag="040" ind1=" " ind2=" ">
            <subfield code="a">E-SC</subfield>
         </datafield>
         <datafield tag="043" ind1=" " ind2=" ">
            <subfield code="c">XA-ES</subfield>
         </datafield>
         <datafield tag="110" ind1="2" ind2=" ">
            <subfield code="a">Archivo y Biblioteca Capitular de la Catedral de Santiago de Compostela</subfield>
            <subfield code="c">Santiago de Compostela</subfield>
            <subfield code="g">E-SC</subfield>
         </datafield>
         <datafield tag="410" ind1="2" ind2=" ">
            <subfield code="a">Catedral Metropolitana</subfield>
         </datafield>
         <datafield tag="622" ind1=" " ind2=" ">
            <subfield code="e">Archivo y Biblioteca Capitular de la,  Catedral de Santiago de Compostela, Pz. de Platerías, s/n., 15703 Santiago de Compostela, Spain</subfield>
            <subfield code="u">http://archivium-sancti-iacobi.blogspot.com.es/</subfield>
         </datafield>
      </record>