
      <record>
         <leader>00000nz  a2200169   4500</leader>
         <controlfield tag="001">30001393</controlfield>
         <controlfield tag="003">RISM</controlfield>
         <controlfield tag="005">20160216</controlfield>
         <controlfield tag="008">160216n||az|||||||##########||||||||||||</controlfield>
         <datafield tag="040" ind1=" " ind2=" ">
            <subfield code="a">E-Sc</subfield>
         </datafield>
         <datafield tag="043" ind1=" " ind2=" ">
            <subfield code="c">XA-ES</subfield>
         </datafield>
         <datafield tag="110" ind1="2" ind2=" ">
            <subfield code="a">Catedral de Sevilla. Archivo Musical</subfield>
            <subfield code="c">Sevilla</subfield>
            <subfield code="g">E-Sc</subfield>
         </datafield>
         <datafield tag="410" ind1="2" ind2=" ">
            <subfield code="a">Catedral Metropolitana (Santa María de la Sede)</subfield>
         </datafield>
         <datafield tag="410" ind1="2" ind2=" ">
            <subfield code="a">Archivo capitular de la Catedral</subfield>
         </datafield>
         <datafield tag="410" ind1="2" ind2=" ">
            <subfield code="a">Biblioteca Capitular Colombina</subfield>
         </datafield>
         <datafield tag="580" ind1=" " ind2=" ">
            <subfield code="x">E-Sco</subfield>
            <subfield code="0">30006411</subfield>
         </datafield>
         <datafield tag="622" ind1=" " ind2=" ">
            <subfield code="e">Catedral de Sevilla. Archivo Musical, Palacio Arzobispal, c/ Virgen de los Reyes, s/n, 41004 Sevilla, Spain</subfield>
            <subfield code="u">http://www.icolombina.es/index.htm</subfield>
         </datafield>
      </record>