
      <record>
         <leader>00000nz  a2200169   4500</leader>
         <controlfield tag="001">30080146</controlfield>
         <controlfield tag="003">RISM</controlfield>
         <controlfield tag="005">20160216</controlfield>
         <controlfield tag="008">160216n||az|||||||##########||||||||||||</controlfield>
         <datafield tag="040" ind1=" " ind2=" ">
            <subfield code="a">E-SCasg</subfield>
         </datafield>
         <datafield tag="043" ind1=" " ind2=" ">
            <subfield code="c">ES</subfield>
         </datafield>
         <datafield tag="110" ind1="2" ind2=" ">
            <subfield code="a">Arquivo Sonoro de Galicia</subfield>
            <subfield code="c">Santiago de Compostela</subfield>
            <subfield code="g">E-SCasg</subfield>
         </datafield>
         <datafield tag="622" ind1=" " ind2=" ">
            <subfield code="e">Arquivo Sonoro de Galicia, Cidade da Cultura de Galicia. Edificio,  da Biblioteca de Galicia, Monte Gaiás, s/n, 15707 Santiago de Compostela, Spain</subfield>
            <subfield code="u">http://consellodacultura.gal/arquivos/asg/</subfield>
         </datafield>
      </record>