
      <record>
         <leader>00000nz  a2200169   4500</leader>
         <controlfield tag="001">30080145</controlfield>
         <controlfield tag="003">RISM</controlfield>
         <controlfield tag="005">20160216</controlfield>
         <controlfield tag="008">160216n||az|||||||##########||||||||||||</controlfield>
         <datafield tag="040" ind1=" " ind2=" ">
            <subfield code="a">E-SCmpg</subfield>
         </datafield>
         <datafield tag="043" ind1=" " ind2=" ">
            <subfield code="c">ES</subfield>
         </datafield>
         <datafield tag="110" ind1="2" ind2=" ">
            <subfield code="a">Museo do Pobo Galego</subfield>
            <subfield code="c">Santiago de Compostela</subfield>
            <subfield code="g">E-SCmpg</subfield>
         </datafield>
         <datafield tag="622" ind1=" " ind2=" ">
            <subfield code="e">Museo do Pobo Galego, San Domingos de Bonaval, 15703 Santiago de Compostela, Spain</subfield>
            <subfield code="u">http://www.museodopobo.es/</subfield>
         </datafield>
      </record>