
      <record>
         <leader>00000nz  a2200169   4500</leader>
         <controlfield tag="001">30006411</controlfield>
         <controlfield tag="003">RISM</controlfield>
         <controlfield tag="005">20160216</controlfield>
         <controlfield tag="008">160216n||az|||||||##########||||||||||||</controlfield>
         <datafield tag="040" ind1=" " ind2=" ">
            <subfield code="a">E-Sco</subfield>
         </datafield>
         <datafield tag="043" ind1=" " ind2=" ">
            <subfield code="c">XA-ES</subfield>
         </datafield>
         <datafield tag="110" ind1="2" ind2=" ">
            <subfield code="a">Institución Colombina</subfield>
            <subfield code="c">Sevilla</subfield>
            <subfield code="g">E-Sco</subfield>
         </datafield>
         <datafield tag="622" ind1=" " ind2=" ">
            <subfield code="e">Institución Colombina, c/ Alemanes s/n, 41004 Sevilla, Spain</subfield>
            <subfield code="u">http://www.icolombina.es/catedral/index.htm</subfield>
         </datafield>
      </record>