
      <record>
         <leader>00000nz  a2200169   4500</leader>
         <controlfield tag="001">30079559</controlfield>
         <controlfield tag="003">RISM</controlfield>
         <controlfield tag="005">20160216</controlfield>
         <controlfield tag="008">160216n||az|||||||##########||||||||||||</controlfield>
         <datafield tag="040" ind1=" " ind2=" ">
            <subfield code="a">E-Scon</subfield>
         </datafield>
         <datafield tag="043" ind1=" " ind2=" ">
            <subfield code="c">ES</subfield>
         </datafield>
         <datafield tag="110" ind1="2" ind2=" ">
            <subfield code="a">Biblioteca del Conservatorio Superior de Música Manuel Castillo</subfield>
            <subfield code="c">Sevilla</subfield>
            <subfield code="g">E-Scon</subfield>
         </datafield>
         <datafield tag="622" ind1=" " ind2=" ">
            <subfield code="e">Biblioteca del Conservatorio Superior de,  Música Manuel Castillo, c/ Baños, 48, 41002 Sevilla, Spain</subfield>
            <subfield code="u">http://consev.es/biblioteca</subfield>
         </datafield>
      </record>