
      <record>
         <leader>00000nz  a2200169   4500</leader>
         <controlfield tag="001">30080196</controlfield>
         <controlfield tag="003">RISM</controlfield>
         <controlfield tag="005">20160216</controlfield>
         <controlfield tag="008">160216n||az|||||||##########||||||||||||</controlfield>
         <datafield tag="040" ind1=" " ind2=" ">
            <subfield code="a">E-SCRcsm</subfield>
         </datafield>
         <datafield tag="043" ind1=" " ind2=" ">
            <subfield code="c">ES</subfield>
         </datafield>
         <datafield tag="110" ind1="2" ind2=" ">
            <subfield code="a">Biblioteca del Conservatorio Superior de Música</subfield>
            <subfield code="c">Santa Cruz de Tenerife</subfield>
            <subfield code="g">E-SCRcsm</subfield>
         </datafield>
         <datafield tag="622" ind1=" " ind2=" ">
            <subfield code="e">Biblioteca del Conservatorio Superior de,  Música, c/ Pedro Suárez Hernández, 2, 38009 Santa Cruz de Tenerife, Spain</subfield>
            <subfield code="u">http://www.cpmtenerife.com/index.php/biblioteca</subfield>
         </datafield>
      </record>