
      <record>
         <leader>00000nz  a2200169   4500</leader>
         <controlfield tag="001">30079651</controlfield>
         <controlfield tag="003">RISM</controlfield>
         <controlfield tag="005">20160216</controlfield>
         <controlfield tag="008">160216n||az|||||||##########||||||||||||</controlfield>
         <datafield tag="040" ind1=" " ind2=" ">
            <subfield code="a">E-SCspa</subfield>
         </datafield>
         <datafield tag="043" ind1=" " ind2=" ">
            <subfield code="c">ES</subfield>
         </datafield>
         <datafield tag="110" ind1="2" ind2=" ">
            <subfield code="a">Monasterio de San Pelayo Antealtares</subfield>
            <subfield code="c">Santiago de Compostela</subfield>
            <subfield code="g">E-SCspa</subfield>
         </datafield>
         <datafield tag="622" ind1=" " ind2=" ">
            <subfield code="e">Monasterio de San Pelayo Antealtares, c/ San Pelayo de Antealtares, 23, 15704  Santiago de Compostela, Spain</subfield>
            <subfield code="u">http://www.monasteriosanpelayo.org/</subfield>
         </datafield>
      </record>