
      <record>
         <leader>00000nz  a2200169   4500</leader>
         <controlfield tag="001">30079650</controlfield>
         <controlfield tag="003">RISM</controlfield>
         <controlfield tag="005">20160216</controlfield>
         <controlfield tag="008">160216n||az|||||||##########||||||||||||</controlfield>
         <datafield tag="040" ind1=" " ind2=" ">
            <subfield code="a">E-SCt</subfield>
         </datafield>
         <datafield tag="043" ind1=" " ind2=" ">
            <subfield code="c">ES</subfield>
         </datafield>
         <datafield tag="110" ind1="2" ind2=" ">
            <subfield code="a">Biblioteca de Estudios Teolóxicos de Galicia</subfield>
            <subfield code="c">Santiago de Compostela</subfield>
            <subfield code="g">E-SCt</subfield>
         </datafield>
         <datafield tag="622" ind1=" " ind2=" ">
            <subfield code="e">Biblioteca de Estudios Teolóxicos de,  Galicia, Pza. de la Inmaculada, 5, 15704 Santiago de Compostela, Spain</subfield>
            <subfield code="u">http://www.itcdesantiago.org/itc/</subfield>
         </datafield>
      </record>