
      <record>
         <leader>00000nz  a2200169   4500</leader>
         <controlfield tag="001">30003315</controlfield>
         <controlfield tag="003">RISM</controlfield>
         <controlfield tag="005">20160216</controlfield>
         <controlfield tag="008">160216n||az|||||||##########||||||||||||</controlfield>
         <datafield tag="040" ind1=" " ind2=" ">
            <subfield code="a">E-SCu</subfield>
         </datafield>
         <datafield tag="043" ind1=" " ind2=" ">
            <subfield code="c">XA-ES</subfield>
         </datafield>
         <datafield tag="110" ind1="2" ind2=" ">
            <subfield code="a">Biblioteca Xeral. Universidade de Santiago</subfield>
            <subfield code="c">Santiago de Compostela</subfield>
            <subfield code="g">E-SCu</subfield>
         </datafield>
         <datafield tag="410" ind1="2" ind2=" ">
            <subfield code="a">Biblioteca de la Universidad</subfield>
         </datafield>
         <datafield tag="410" ind1="2" ind2=" ">
            <subfield code="a">Biblioteca Universitaria</subfield>
         </datafield>
         <datafield tag="622" ind1=" " ind2=" ">
            <subfield code="e">Biblioteca Xeral. Universidade de,  Santiago, Colexio de Fonseca, Rúa do Franco, s/n, 15782  Santiago de Compostela, Spain</subfield>
            <subfield code="u">http://www.usc.es/</subfield>
         </datafield>
      </record>