
      <record>
         <leader>00000nz  a2200169   4500</leader>
         <controlfield tag="001">30079064</controlfield>
         <controlfield tag="003">RISM</controlfield>
         <controlfield tag="005">20160216</controlfield>
         <controlfield tag="008">160216n||az|||||||##########||||||||||||</controlfield>
         <datafield tag="040" ind1=" " ind2=" ">
            <subfield code="a">E-SCV</subfield>
         </datafield>
         <datafield tag="043" ind1=" " ind2=" ">
            <subfield code="c">ES</subfield>
         </datafield>
         <datafield tag="110" ind1="2" ind2=" ">
            <subfield code="a">Arxiu Nacional de Catalunya</subfield>
            <subfield code="c">Sant Cugat del Vallès</subfield>
            <subfield code="g">E-SCV</subfield>
         </datafield>
         <datafield tag="410" ind1="2" ind2=" ">
            <subfield code="a">Archivo Nacional de Catalunya</subfield>
         </datafield>
         <datafield tag="622" ind1=" " ind2=" ">
            <subfield code="e">Arxiu Nacional de Catalunya, Carrer de Jaume I, 33-51, 08195  Sant Cugat del Vallès, Spain</subfield>
            <subfield code="u">http://www.anc.gencat.cat</subfield>
         </datafield>
      </record>