
      <record>
         <leader>00000nz  a2200169   4500</leader>
         <controlfield tag="001">30001395</controlfield>
         <controlfield tag="003">RISM</controlfield>
         <controlfield tag="005">20160216</controlfield>
         <controlfield tag="008">160216n||az|||||||##########||||||||||||</controlfield>
         <datafield tag="040" ind1=" " ind2=" ">
            <subfield code="a">E-SD</subfield>
         </datafield>
         <datafield tag="043" ind1=" " ind2=" ">
            <subfield code="c">XA-ES</subfield>
         </datafield>
         <datafield tag="110" ind1="2" ind2=" ">
            <subfield code="a">Catedral de Santo Domingo de la Calzada, Archivo</subfield>
            <subfield code="c">Santo Domingo de la Calzada</subfield>
            <subfield code="g">E-SD</subfield>
         </datafield>
         <datafield tag="622" ind1=" " ind2=" ">
            <subfield code="e">Catedral de Santo Domingo de la Calzada,,  Archivo, Pz. de España, 2, 26250 Santo Domingo de la Calzada, Spain</subfield>
         </datafield>
      </record>