
      <record>
         <leader>00000nz  a2200169   4500</leader>
         <controlfield tag="001">30001396</controlfield>
         <controlfield tag="003">RISM</controlfield>
         <controlfield tag="005">20160216</controlfield>
         <controlfield tag="008">160216n||az|||||||##########||||||||||||</controlfield>
         <datafield tag="040" ind1=" " ind2=" ">
            <subfield code="a">E-SE</subfield>
         </datafield>
         <datafield tag="043" ind1=" " ind2=" ">
            <subfield code="c">XA-ES</subfield>
         </datafield>
         <datafield tag="110" ind1="2" ind2=" ">
            <subfield code="a">Archivo Capitular de la Catedral de Segovia</subfield>
            <subfield code="c">Segovia</subfield>
            <subfield code="g">E-SE</subfield>
         </datafield>
         <datafield tag="410" ind1="2" ind2=" ">
            <subfield code="a">Archivo musical</subfield>
         </datafield>
         <datafield tag="622" ind1=" " ind2=" ">
            <subfield code="e">Archivo Capitular de la Catedral de,  Segovia, c/ Marqués del Arco, 1, 40003 Segovia, Spain</subfield>
         </datafield>
      </record>