
      <record>
         <leader>00000nz  a2200169   4500</leader>
         <controlfield tag="001">30079595</controlfield>
         <controlfield tag="003">RISM</controlfield>
         <controlfield tag="005">20160216</controlfield>
         <controlfield tag="008">160216n||az|||||||##########||||||||||||</controlfield>
         <datafield tag="040" ind1=" " ind2=" ">
            <subfield code="a">E-SEa</subfield>
         </datafield>
         <datafield tag="043" ind1=" " ind2=" ">
            <subfield code="c">ES</subfield>
         </datafield>
         <datafield tag="110" ind1="2" ind2=" ">
            <subfield code="a">Alcázar de Segovia. Archivo</subfield>
            <subfield code="c">Segovia</subfield>
            <subfield code="g">E-SEa</subfield>
         </datafield>
         <datafield tag="622" ind1=" " ind2=" ">
            <subfield code="e">Alcázar de Segovia. Archivo, Pza. Reina Victoria Eugenia, s/n, 40003 Segovia, Spain</subfield>
            <subfield code="u">http://www.portalcultura.mde.es/cultural/archivos/castillaLeon/archivo_150.html</subfield>
         </datafield>
      </record>