
      <record>
         <leader>00000nz  a2200169   4500</leader>
         <controlfield tag="001">30001397</controlfield>
         <controlfield tag="003">RISM</controlfield>
         <controlfield tag="005">20160216</controlfield>
         <controlfield tag="008">160216n||az|||||||##########||||||||||||</controlfield>
         <datafield tag="040" ind1=" " ind2=" ">
            <subfield code="a">E-SEG</subfield>
         </datafield>
         <datafield tag="043" ind1=" " ind2=" ">
            <subfield code="c">XA-ES</subfield>
         </datafield>
         <datafield tag="110" ind1="2" ind2=" ">
            <subfield code="a">Catedral de Segorbe, Archivo y Biblioteca</subfield>
            <subfield code="c">Segorbe</subfield>
            <subfield code="g">E-SEG</subfield>
         </datafield>
         <datafield tag="622" ind1=" " ind2=" ">
            <subfield code="e">Catedral de Segorbe, Archivo y,  Biblioteca, c/ San Cristóbal, 5, 12400 Segorbe, Spain</subfield>
            <subfield code="u">http://www.catedraldesegorbe.es/archivo.php</subfield>
         </datafield>
      </record>