
      <record>
         <leader>00000nz  a2200169   4500</leader>
         <controlfield tag="001">30001398</controlfield>
         <controlfield tag="003">RISM</controlfield>
         <controlfield tag="005">20160216</controlfield>
         <controlfield tag="008">160216n||az|||||||##########||||||||||||</controlfield>
         <datafield tag="040" ind1=" " ind2=" ">
            <subfield code="a">E-SI</subfield>
         </datafield>
         <datafield tag="043" ind1=" " ind2=" ">
            <subfield code="c">XA-ES</subfield>
         </datafield>
         <datafield tag="110" ind1="2" ind2=" ">
            <subfield code="a">Biblioteca de la Abadía de Santo Domingo de Silos</subfield>
            <subfield code="c">Santo Domingo de Silos</subfield>
            <subfield code="g">E-SI</subfield>
         </datafield>
         <datafield tag="410" ind1="2" ind2=" ">
            <subfield code="a">Archivo Musical de la Abadía</subfield>
         </datafield>
         <datafield tag="622" ind1=" " ind2=" ">
            <subfield code="e">Biblioteca de la Abadía de Santo Domingo,  de Silos, c/ Santo Domingo, 2, 09610 Santo Domingo de Silos, Spain</subfield>
            <subfield code="u">http://www.bibliotecadesilos.es/es/portada/</subfield>
         </datafield>
      </record>