
      <record>
         <leader>00000nz  a2200169   4500</leader>
         <controlfield tag="001">30003316</controlfield>
         <controlfield tag="003">RISM</controlfield>
         <controlfield tag="005">20160216</controlfield>
         <controlfield tag="008">160216n||az|||||||##########||||||||||||</controlfield>
         <datafield tag="040" ind1=" " ind2=" ">
            <subfield code="a">E-SIG</subfield>
         </datafield>
         <datafield tag="043" ind1=" " ind2=" ">
            <subfield code="c">XA-ES</subfield>
         </datafield>
         <datafield tag="110" ind1="2" ind2=" ">
            <subfield code="a">Catedral de Sigüenza, Archivo</subfield>
            <subfield code="c">Sigüenza</subfield>
            <subfield code="g">E-SIG</subfield>
         </datafield>
         <datafield tag="622" ind1=" " ind2=" ">
            <subfield code="e">Catedral de Sigüenza, Archivo, c/ José de Villaviciosa, 7, 19250 Sigüenza, Spain</subfield>
            <subfield code="u">http://www.siguenza-guadalajara.org/</subfield>
         </datafield>
      </record>