
      <record>
         <leader>00000nz  a2200169   4500</leader>
         <controlfield tag="001">30080170</controlfield>
         <controlfield tag="003">RISM</controlfield>
         <controlfield tag="005">20160216</controlfield>
         <controlfield tag="008">160216n||az|||||||##########||||||||||||</controlfield>
         <datafield tag="040" ind1=" " ind2=" ">
            <subfield code="a">E-SIGcvg</subfield>
         </datafield>
         <datafield tag="043" ind1=" " ind2=" ">
            <subfield code="c">ES</subfield>
         </datafield>
         <datafield tag="110" ind1="2" ind2=" ">
            <subfield code="a">Centro de la Vihuela de Mano y la Guitarra Española “José Luis Romanillos”</subfield>
            <subfield code="c">Sigüenza</subfield>
            <subfield code="g">E-SIGcvg</subfield>
         </datafield>
         <datafield tag="622" ind1=" " ind2=" ">
            <subfield code="e">Centro de la Vihuela de Mano y la,  Guitarra Española “José Luis,  Romanillos”, Casa del Doncel, c/ San Vicente, 1, 19250 Sigüenza, Spain</subfield>
            <subfield code="u">http://romanillos.org/</subfield>
         </datafield>
      </record>