
      <record>
         <leader>00000nz  a2200169   4500</leader>
         <controlfield tag="001">30003317</controlfield>
         <controlfield tag="003">RISM</controlfield>
         <controlfield tag="005">20160216</controlfield>
         <controlfield tag="008">160216n||az|||||||##########||||||||||||</controlfield>
         <datafield tag="040" ind1=" " ind2=" ">
            <subfield code="a">E-SIM</subfield>
         </datafield>
         <datafield tag="043" ind1=" " ind2=" ">
            <subfield code="c">XA-ES</subfield>
         </datafield>
         <datafield tag="110" ind1="2" ind2=" ">
            <subfield code="a">Archivo General</subfield>
            <subfield code="c">Simancas</subfield>
            <subfield code="g">E-SIM</subfield>
         </datafield>
         <datafield tag="410" ind1="2" ind2=" ">
            <subfield code="a">Casa y Sitios Reales</subfield>
         </datafield>
         <datafield tag="622" ind1=" " ind2=" ">
            <subfield code="e">Archivo General, c/ Miravete, 8, 47130 Simancas, Spain</subfield>
            <subfield code="u">http://goo.gl/YhWU7y</subfield>
         </datafield>
      </record>