
      <record>
         <leader>00000nz  a2200169   4500</leader>
         <controlfield tag="001">30080169</controlfield>
         <controlfield tag="003">RISM</controlfield>
         <controlfield tag="005">20160216</controlfield>
         <controlfield tag="008">160216n||az|||||||##########||||||||||||</controlfield>
         <datafield tag="040" ind1=" " ind2=" ">
            <subfield code="a">E-SImsm</subfield>
         </datafield>
         <datafield tag="043" ind1=" " ind2=" ">
            <subfield code="c">ES</subfield>
         </datafield>
         <datafield tag="110" ind1="2" ind2=" ">
            <subfield code="a">Museo Sonidos del Mundo</subfield>
            <subfield code="c">Santo Domingo de Silos</subfield>
            <subfield code="g">E-SImsm</subfield>
         </datafield>
         <datafield tag="622" ind1=" " ind2=" ">
            <subfield code="e">Museo Sonidos del Mundo, c/ Condesas, 10, 09610 Santo Domingo de Silos, Spain</subfield>
            <subfield code="u">http://goo.gl/QSHXnq</subfield>
         </datafield>
      </record>