
      <record>
         <leader>00000nz  a2200169   4500</leader>
         <controlfield tag="001">30006225</controlfield>
         <controlfield tag="003">RISM</controlfield>
         <controlfield tag="005">20160216</controlfield>
         <controlfield tag="008">160216n||az|||||||##########||||||||||||</controlfield>
         <datafield tag="040" ind1=" " ind2=" ">
            <subfield code="a">E-SINcd</subfield>
         </datafield>
         <datafield tag="043" ind1=" " ind2=" ">
            <subfield code="c">XA-ES</subfield>
         </datafield>
         <datafield tag="110" ind1="2" ind2=" ">
            <subfield code="a">Centre de Recerca i Documentacio Historico-Musical de Mallorca</subfield>
            <subfield code="c">Sineu</subfield>
            <subfield code="g">E-SINcd</subfield>
         </datafield>
         <datafield tag="410" ind1="2" ind2=" ">
            <subfield code="a">Coral Universitat de les Illes Balears</subfield>
         </datafield>
      </record>