
      <record>
         <leader>00000nz  a2200169   4500</leader>
         <controlfield tag="001">30079066</controlfield>
         <controlfield tag="003">RISM</controlfield>
         <controlfield tag="005">20160216</controlfield>
         <controlfield tag="008">160216n||az|||||||##########||||||||||||</controlfield>
         <datafield tag="040" ind1=" " ind2=" ">
            <subfield code="a">E-SIT</subfield>
         </datafield>
         <datafield tag="043" ind1=" " ind2=" ">
            <subfield code="c">ES</subfield>
         </datafield>
         <datafield tag="110" ind1="2" ind2=" ">
            <subfield code="a">Arxiu Històric Municipal</subfield>
            <subfield code="c">Sitges</subfield>
            <subfield code="g">E-SIT</subfield>
         </datafield>
         <datafield tag="410" ind1="2" ind2=" ">
            <subfield code="a">Archivo Histórico Municipal</subfield>
         </datafield>
         <datafield tag="622" ind1=" " ind2=" ">
            <subfield code="e">Arxiu Històric Municipal, Plaça de l’Ajuntament, 18, 08870 Sitges, Spain</subfield>
            <subfield code="u">http://www.sitges.cat</subfield>
         </datafield>
      </record>