
      <record>
         <leader>00000nz  a2200169   4500</leader>
         <controlfield tag="001">30079065</controlfield>
         <controlfield tag="003">RISM</controlfield>
         <controlfield tag="005">20160216</controlfield>
         <controlfield tag="008">160216n||az|||||||##########||||||||||||</controlfield>
         <datafield tag="040" ind1=" " ind2=" ">
            <subfield code="a">E-SJ</subfield>
         </datafield>
         <datafield tag="043" ind1=" " ind2=" ">
            <subfield code="c">ES</subfield>
         </datafield>
         <datafield tag="110" ind1="2" ind2=" ">
            <subfield code="a">Arxiu del Monestir de Sant Joan de les Abadesses</subfield>
            <subfield code="c">Sant Joan les Abadesses</subfield>
            <subfield code="g">E-SJ</subfield>
         </datafield>
         <datafield tag="410" ind1="2" ind2=" ">
            <subfield code="a">Archivo del monasterio de Sant Joan de les Abadesses</subfield>
         </datafield>
         <datafield tag="622" ind1=" " ind2=" ">
            <subfield code="e">Arxiu del Monestir de Sant Joan de les,  Abadesses, Comte Guifré, 8, 17860 Sant Joan les Abadesses, Spain</subfield>
            <subfield code="u">http://www.monestirsantjoanabadesses.cat/arxiu/</subfield>
         </datafield>
      </record>