
      <record>
         <leader>00000nz  a2200169   4500</leader>
         <controlfield tag="001">30079654</controlfield>
         <controlfield tag="003">RISM</controlfield>
         <controlfield tag="005">20160216</controlfield>
         <controlfield tag="008">160216n||az|||||||##########||||||||||||</controlfield>
         <datafield tag="040" ind1=" " ind2=" ">
            <subfield code="a">E-SLL</subfield>
         </datafield>
         <datafield tag="043" ind1=" " ind2=" ">
            <subfield code="c">ES</subfield>
         </datafield>
         <datafield tag="110" ind1="2" ind2=" ">
            <subfield code="a">Iglesia de Sant Bartomeu. Archivo Parroquial</subfield>
            <subfield code="c">Sóller (Mallorca)</subfield>
            <subfield code="g">E-SLL</subfield>
         </datafield>
         <datafield tag="622" ind1=" " ind2=" ">
            <subfield code="e">Iglesia de Sant Bartomeu. Archivo,  Parroquial, Pza. Constitución s/n, 07100 Sóller (Mallorca), Spain</subfield>
         </datafield>
      </record>