
      <record>
         <leader>00000nz  a2200169   4500</leader>
         <controlfield tag="001">30079655</controlfield>
         <controlfield tag="003">RISM</controlfield>
         <controlfield tag="005">20160216</controlfield>
         <controlfield tag="008">160216n||az|||||||##########||||||||||||</controlfield>
         <datafield tag="040" ind1=" " ind2=" ">
            <subfield code="a">E-SMCy</subfield>
         </datafield>
         <datafield tag="043" ind1=" " ind2=" ">
            <subfield code="c">ES</subfield>
         </datafield>
         <datafield tag="110" ind1="2" ind2=" ">
            <subfield code="a">Biblioteca y Archivo del Monasterio de Yuso</subfield>
            <subfield code="c">San Millán de la Cogolla</subfield>
            <subfield code="g">E-SMCy</subfield>
         </datafield>
         <datafield tag="622" ind1=" " ind2=" ">
            <subfield code="e">Biblioteca y Archivo del Monasterio de,  Yuso, Frailes Agustinos Recoletos, Monasterio de Yuso, 26326 San Millán de la Cogolla, Spain</subfield>
            <subfield code="u">http://www.monasteriodesanmillan.com/yuso/codices.html</subfield>
         </datafield>
      </record>