
      <record>
         <leader>00000nz  a2200169   4500</leader>
         <controlfield tag="001">30003318</controlfield>
         <controlfield tag="003">RISM</controlfield>
         <controlfield tag="005">20160216</controlfield>
         <controlfield tag="008">160216n||az|||||||##########||||||||||||</controlfield>
         <datafield tag="040" ind1=" " ind2=" ">
            <subfield code="a">E-SO</subfield>
         </datafield>
         <datafield tag="043" ind1=" " ind2=" ">
            <subfield code="c">XA-ES</subfield>
         </datafield>
         <datafield tag="110" ind1="2" ind2=" ">
            <subfield code="a">Biblioteca Pública</subfield>
            <subfield code="c">Soria</subfield>
            <subfield code="g">E-SO</subfield>
         </datafield>
         <datafield tag="410" ind1="2" ind2=" ">
            <subfield code="a">Biblioteca Provincial</subfield>
         </datafield>
         <datafield tag="410" ind1="2" ind2=" ">
            <subfield code="a">Casa de Cultura</subfield>
         </datafield>
         <datafield tag="622" ind1=" " ind2=" ">
            <subfield code="e">Biblioteca Pública, C/ Nicolás Rabal 25, 42003 Soria, Spain</subfield>
            <subfield code="u">http://www.bibliotecas.jcyl.es/web/jcyl/BibliotecaSoria/es/Plantilla66y33/1284347458759/_/_/_</subfield>
         </datafield>
      </record>