
      <record>
         <leader>00000nz  a2200169   4500</leader>
         <controlfield tag="001">30006436</controlfield>
         <controlfield tag="003">RISM</controlfield>
         <controlfield tag="005">20160216</controlfield>
         <controlfield tag="008">160216n||az|||||||##########||||||||||||</controlfield>
         <datafield tag="040" ind1=" " ind2=" ">
            <subfield code="a">E-SOc</subfield>
         </datafield>
         <datafield tag="043" ind1=" " ind2=" ">
            <subfield code="c">XA-ES</subfield>
         </datafield>
         <datafield tag="110" ind1="2" ind2=" ">
            <subfield code="a">Archivo Musical de la Concatedral de San Pedro Apóstol</subfield>
            <subfield code="c">Soria</subfield>
            <subfield code="g">E-SOc</subfield>
         </datafield>
         <datafield tag="622" ind1=" " ind2=" ">
            <subfield code="e">Archivo Musical de la Concatedral de San,  Pedro Apóstol, Pl. de San Pedro, s/n, 42002 Soria, Spain</subfield>
         </datafield>
      </record>