
      <record>
         <leader>00000nz  a2200169   4500</leader>
         <controlfield tag="001">30005480</controlfield>
         <controlfield tag="003">RISM</controlfield>
         <controlfield tag="005">20160216</controlfield>
         <controlfield tag="008">160216n||az|||||||##########||||||||||||</controlfield>
         <datafield tag="040" ind1=" " ind2=" ">
            <subfield code="a">E-SOL</subfield>
         </datafield>
         <datafield tag="043" ind1=" " ind2=" ">
            <subfield code="c">XA-ES</subfield>
         </datafield>
         <datafield tag="110" ind1="2" ind2=" ">
            <subfield code="a">Arxiu Diocesà de Solsona (ADS)</subfield>
            <subfield code="c">Solsona</subfield>
            <subfield code="g">E-SOL</subfield>
         </datafield>
         <datafield tag="410" ind1="2" ind2=" ">
            <subfield code="a">Catedral, Archivo de la Iglesia</subfield>
         </datafield>
         <datafield tag="622" ind1=" " ind2=" ">
            <subfield code="e">Arxiu Diocesà de Solsona (ADS), Palau Episcopal, Pl. del Palau, 1, 25280 Solsona, Spain</subfield>
         </datafield>
      </record>