
      <record>
         <leader>00000nz  a2200169   4500</leader>
         <controlfield tag="001">30080187</controlfield>
         <controlfield tag="003">RISM</controlfield>
         <controlfield tag="005">20160216</controlfield>
         <controlfield tag="008">160216n||az|||||||##########||||||||||||</controlfield>
         <datafield tag="040" ind1=" " ind2=" ">
            <subfield code="a">E-SPam</subfield>
         </datafield>
         <datafield tag="043" ind1=" " ind2=" ">
            <subfield code="c">ES</subfield>
         </datafield>
         <datafield tag="110" ind1="2" ind2=" ">
            <subfield code="a">Archivo Municipal de Santa Pola</subfield>
            <subfield code="c">Santa Pola</subfield>
            <subfield code="g">E-SPam</subfield>
         </datafield>
         <datafield tag="622" ind1=" " ind2=" ">
            <subfield code="e">Archivo Municipal de Santa Pola, c/ Obrers de vila, 8, 03130 Santa Pola, Spain</subfield>
         </datafield>
      </record>