
      <record>
         <leader>00000nz  a2200169   4500</leader>
         <controlfield tag="001">30079594</controlfield>
         <controlfield tag="003">RISM</controlfield>
         <controlfield tag="005">20160216</controlfield>
         <controlfield tag="008">160216n||az|||||||##########||||||||||||</controlfield>
         <datafield tag="040" ind1=" " ind2=" ">
            <subfield code="a">E-SPD</subfield>
         </datafield>
         <datafield tag="043" ind1=" " ind2=" ">
            <subfield code="c">ES</subfield>
         </datafield>
         <datafield tag="110" ind1="2" ind2=" ">
            <subfield code="a">Archivo del Monasterio Benedictino de San Pedro de Dueñas</subfield>
            <subfield code="c">San Pedro de las Dueñas (Laguna Dalga)</subfield>
            <subfield code="g">E-SPD</subfield>
         </datafield>
         <datafield tag="622" ind1=" " ind2=" ">
            <subfield code="e">Archivo del Monasterio Benedictino de,  San Pedro de Dueñas, Carretera a Sahagún, 24248 San Pedro de las Dueñas,  (Laguna Dalga), Spain</subfield>
         </datafield>
      </record>