
      <record>
         <leader>00000nz  a2200169   4500</leader>
         <controlfield tag="001">30079668</controlfield>
         <controlfield tag="003">RISM</controlfield>
         <controlfield tag="005">20160216</controlfield>
         <controlfield tag="008">160216n||az|||||||##########||||||||||||</controlfield>
         <datafield tag="040" ind1=" " ind2=" ">
            <subfield code="a">E-SSahd</subfield>
         </datafield>
         <datafield tag="043" ind1=" " ind2=" ">
            <subfield code="c">ES</subfield>
         </datafield>
         <datafield tag="110" ind1="2" ind2=" ">
            <subfield code="a">Archivo Histórico Diocesano de San Sebastián</subfield>
            <subfield code="c">San Sebastián</subfield>
            <subfield code="g">E-SSahd</subfield>
         </datafield>
         <datafield tag="622" ind1=" " ind2=" ">
            <subfield code="e">Archivo Histórico Diocesano de San,  Sebastián, Paseo de Hériz, 82, 20008 San Sebastián, Spain</subfield>
            <subfield code="u">http://www.mendezmende.org/es/</subfield>
         </datafield>
      </record>