
      <record>
         <leader>00000nz  a2200169   4500</leader>
         <controlfield tag="001">30006223</controlfield>
         <controlfield tag="003">RISM</controlfield>
         <controlfield tag="005">20160216</controlfield>
         <controlfield tag="008">160216n||az|||||||##########||||||||||||</controlfield>
         <datafield tag="040" ind1=" " ind2=" ">
            <subfield code="a">E-SSc</subfield>
         </datafield>
         <datafield tag="043" ind1=" " ind2=" ">
            <subfield code="c">XA-ES</subfield>
         </datafield>
         <datafield tag="110" ind1="2" ind2=" ">
            <subfield code="a">Mediateca del Centro Superior de Música del País Vasco. Musikene</subfield>
            <subfield code="c">San Sebastián</subfield>
            <subfield code="g">E-SSc</subfield>
         </datafield>
         <datafield tag="410" ind1="2" ind2=" ">
            <subfield code="a">Conservatorio Superior de Música de San Sebastián</subfield>
         </datafield>
         <datafield tag="622" ind1=" " ind2=" ">
            <subfield code="e">Mediateca del Centro Superior de Música,  del País Vasco. Musikene, Palacio de Miramar, Paseo de Miraconcha, 48, 20007 San Sebastián, Spain</subfield>
            <subfield code="u">http://musikene.net/musikene/mediateca/</subfield>
         </datafield>
      </record>