
      <record>
         <leader>00000nz  a2200169   4500</leader>
         <controlfield tag="001">30079561</controlfield>
         <controlfield tag="003">RISM</controlfield>
         <controlfield tag="005">20160216</controlfield>
         <controlfield tag="008">160216n||az|||||||##########||||||||||||</controlfield>
         <datafield tag="040" ind1=" " ind2=" ">
            <subfield code="a">E-Ssc</subfield>
         </datafield>
         <datafield tag="043" ind1=" " ind2=" ">
            <subfield code="c">ES</subfield>
         </datafield>
         <datafield tag="110" ind1="2" ind2=" ">
            <subfield code="a">Real Monasterio de Santa Clara. Archivo</subfield>
            <subfield code="c">Sevilla</subfield>
            <subfield code="g">E-Ssc</subfield>
         </datafield>
         <datafield tag="622" ind1=" " ind2=" ">
            <subfield code="e">Real Monasterio de Santa Clara. Archivo, c/ Santa Clara, 23, 41002 Sevilla, Spain</subfield>
            <subfield code="u">http://www.espaciosantaclara.org/</subfield>
         </datafield>
      </record>