
      <record>
         <leader>00000nz  a2200169   4500</leader>
         <controlfield tag="001">30079669</controlfield>
         <controlfield tag="003">RISM</controlfield>
         <controlfield tag="005">20160216</controlfield>
         <controlfield tag="008">160216n||az|||||||##########||||||||||||</controlfield>
         <datafield tag="040" ind1=" " ind2=" ">
            <subfield code="a">E-SScp</subfield>
         </datafield>
         <datafield tag="043" ind1=" " ind2=" ">
            <subfield code="c">ES</subfield>
         </datafield>
         <datafield tag="110" ind1="2" ind2=" ">
            <subfield code="a">Biblioteca del Conservatorio Profesional de Música "Francisco Escudero"</subfield>
            <subfield code="c">San Sebastián</subfield>
            <subfield code="g">E-SScp</subfield>
         </datafield>
         <datafield tag="622" ind1=" " ind2=" ">
            <subfield code="e">Biblioteca del Conservatorio Profesional,  de Música "Francisco Escudero", c/ Easo, 45, 20006 San Sebastián, Spain</subfield>
            <subfield code="u">http://conservatorioescudero.eus/biblioteca-y-asociacion-de-padres/</subfield>
         </datafield>
      </record>