
      <record>
         <leader>00000nz  a2200169   4500</leader>
         <controlfield tag="001">30080155</controlfield>
         <controlfield tag="003">RISM</controlfield>
         <controlfield tag="005">20160216</controlfield>
         <controlfield tag="008">160216n||az|||||||##########||||||||||||</controlfield>
         <datafield tag="040" ind1=" " ind2=" ">
            <subfield code="a">E-SSmst</subfield>
         </datafield>
         <datafield tag="043" ind1=" " ind2=" ">
            <subfield code="c">ES</subfield>
         </datafield>
         <datafield tag="110" ind1="2" ind2=" ">
            <subfield code="a">Museo San Telmo</subfield>
            <subfield code="c">San Sebastián</subfield>
            <subfield code="g">E-SSmst</subfield>
         </datafield>
         <datafield tag="410" ind1="2" ind2=" ">
            <subfield code="a">San Telmo Museoa</subfield>
         </datafield>
         <datafield tag="622" ind1=" " ind2=" ">
            <subfield code="e">Museo San Telmo, Pl. Zuloaga, 1, 20003 San Sebastián, Spain</subfield>
            <subfield code="u">http://www.santelmomuseoa.com/index.php?lang=es</subfield>
         </datafield>
      </record>