
      <record>
         <leader>00000nz  a2200169   4500</leader>
         <controlfield tag="001">30002971</controlfield>
         <controlfield tag="003">RISM</controlfield>
         <controlfield tag="005">20160216</controlfield>
         <controlfield tag="008">160216n||az|||||||##########||||||||||||</controlfield>
         <datafield tag="040" ind1=" " ind2=" ">
            <subfield code="a">E-SU</subfield>
         </datafield>
         <datafield tag="043" ind1=" " ind2=" ">
            <subfield code="c">XA-ES</subfield>
         </datafield>
         <datafield tag="110" ind1="2" ind2=" ">
            <subfield code="a">Arxiu Diocesà d'Urgell (ADU)</subfield>
            <subfield code="c">La Seu d'Urgell</subfield>
            <subfield code="g">E-SU</subfield>
         </datafield>
         <datafield tag="410" ind1="2" ind2=" ">
            <subfield code="a">Archivo Diocesano de Urgell</subfield>
         </datafield>
         <datafield tag="410" ind1="2" ind2=" ">
            <subfield code="a">Arxiu Episcopal de la Seu d'Urgell</subfield>
         </datafield>
         <datafield tag="410" ind1="2" ind2=" ">
            <subfield code="a">Archivo Capitular de la Catedral</subfield>
         </datafield>
         <datafield tag="622" ind1=" " ind2=" ">
            <subfield code="e">Arxiu Diocesà d'Urgell (ADU), Pati del Palau, 3, 25700 La Seu d'Urgell, Spain</subfield>
            <subfield code="u">http://www.bisbaturgell.org</subfield>
         </datafield>
      </record>