
      <record>
         <leader>00000nz  a2200169   4500</leader>
         <controlfield tag="001">30079707</controlfield>
         <controlfield tag="003">RISM</controlfield>
         <controlfield tag="005">20160216</controlfield>
         <controlfield tag="008">160216n||az|||||||##########||||||||||||</controlfield>
         <datafield tag="040" ind1=" " ind2=" ">
            <subfield code="a">E-SUac</subfield>
         </datafield>
         <datafield tag="043" ind1=" " ind2=" ">
            <subfield code="c">ES</subfield>
         </datafield>
         <datafield tag="110" ind1="2" ind2=" ">
            <subfield code="a">Arxiu Comarcal de l’Alt Urgell</subfield>
            <subfield code="c">La Seu d’Urgell</subfield>
            <subfield code="g">E-SUac</subfield>
         </datafield>
         <datafield tag="622" ind1=" " ind2=" ">
            <subfield code="e">Arxiu Comarcal de l’Alt Urgell, Carrer de Sant Ermengol, 71, 25700 La Seu d’Urgell, Spain</subfield>
         </datafield>
      </record>