
      <record>
         <leader>00000nz  a2200169   4500</leader>
         <controlfield tag="001">30005481</controlfield>
         <controlfield tag="003">RISM</controlfield>
         <controlfield tag="005">20160216</controlfield>
         <controlfield tag="008">160216n||az|||||||##########||||||||||||</controlfield>
         <datafield tag="040" ind1=" " ind2=" ">
            <subfield code="a">E-SUe</subfield>
         </datafield>
         <datafield tag="043" ind1=" " ind2=" ">
            <subfield code="c">XA-ES</subfield>
         </datafield>
         <datafield tag="110" ind1="2" ind2=" ">
            <subfield code="a">Arxiu Capitular d' Urgell (ACU)</subfield>
            <subfield code="c">La Seu d'Urgell</subfield>
            <subfield code="g">E-SUe</subfield>
         </datafield>
         <datafield tag="410" ind1="2" ind2=" ">
            <subfield code="a">Archivo Episcopal</subfield>
         </datafield>
         <datafield tag="622" ind1=" " ind2=" ">
            <subfield code="e">Arxiu Capitular d' Urgell (ACU), Pati del Palau, 3, 2700 La Seu d'Urgell, Spain</subfield>
         </datafield>
      </record>