
      <record>
         <leader>00000nz  a2200169   4500</leader>
         <controlfield tag="001">30079613</controlfield>
         <controlfield tag="003">RISM</controlfield>
         <controlfield tag="005">20160216</controlfield>
         <controlfield tag="008">160216n||az|||||||##########||||||||||||</controlfield>
         <datafield tag="040" ind1=" " ind2=" ">
            <subfield code="a">E-TAha</subfield>
         </datafield>
         <datafield tag="043" ind1=" " ind2=" ">
            <subfield code="c">ES</subfield>
         </datafield>
         <datafield tag="110" ind1="2" ind2=" ">
            <subfield code="a">Arxiu Històric Arxidiocesà de Tarragona (AHAT)</subfield>
            <subfield code="c">Tarragona</subfield>
            <subfield code="g">E-TAha</subfield>
         </datafield>
         <datafield tag="622" ind1=" " ind2=" ">
            <subfield code="e">Arxiu Històric Arxidiocesà de Tarragona,  (AHAT), Carrer de Sant Pau, 2, 43003  Tarragona, Spain</subfield>
            <subfield code="u">http://www.ahat.cat/</subfield>
         </datafield>
      </record>