
      <record>
         <leader>00000nz  a2200169   4500</leader>
         <controlfield tag="001">30079584</controlfield>
         <controlfield tag="003">RISM</controlfield>
         <controlfield tag="005">20160216</controlfield>
         <controlfield tag="008">160216n||az|||||||##########||||||||||||</controlfield>
         <datafield tag="040" ind1=" " ind2=" ">
            <subfield code="a">E-TAL</subfield>
         </datafield>
         <datafield tag="043" ind1=" " ind2=" ">
            <subfield code="c">ES</subfield>
         </datafield>
         <datafield tag="110" ind1="2" ind2=" ">
            <subfield code="a">Archivo de la Colegiata de Talavera de la Reina</subfield>
            <subfield code="c">Talavera de la Reina</subfield>
            <subfield code="g">E-TAL</subfield>
         </datafield>
         <datafield tag="622" ind1=" " ind2=" ">
            <subfield code="e">Archivo de la Colegiata de Talavera de,  la Reina, c/ Perdón, 1, 45600 Talavera de la Reina, Spain</subfield>
         </datafield>
      </record>