
      <record>
         <leader>00000nz  a2200169   4500</leader>
         <controlfield tag="001">30002974</controlfield>
         <controlfield tag="003">RISM</controlfield>
         <controlfield tag="005">20160216</controlfield>
         <controlfield tag="008">160216n||az|||||||##########||||||||||||</controlfield>
         <datafield tag="040" ind1=" " ind2=" ">
            <subfield code="a">E-TAp</subfield>
         </datafield>
         <datafield tag="043" ind1=" " ind2=" ">
            <subfield code="c">XA-ES</subfield>
         </datafield>
         <datafield tag="110" ind1="2" ind2=" ">
            <subfield code="a">Biblioteca Pública de Tarragona</subfield>
            <subfield code="c">Tarragona</subfield>
            <subfield code="g">E-TAp</subfield>
         </datafield>
         <datafield tag="410" ind1="2" ind2=" ">
            <subfield code="a">Biblioteca Provincial</subfield>
         </datafield>
         <datafield tag="622" ind1=" " ind2=" ">
            <subfield code="e">Biblioteca Pública de Tarragona, Carrer Fortuny 30, 43001 Tarragona, Spain</subfield>
            <subfield code="u">http://bibliotecatarragona.gencat.cat/ca/</subfield>
         </datafield>
      </record>