
      <record>
         <leader>00000nz  a2200169   4500</leader>
         <controlfield tag="001">30079067</controlfield>
         <controlfield tag="003">RISM</controlfield>
         <controlfield tag="005">20160216</controlfield>
         <controlfield tag="008">160216n||az|||||||##########||||||||||||</controlfield>
         <datafield tag="040" ind1=" " ind2=" ">
            <subfield code="a">E-TAR</subfield>
         </datafield>
         <datafield tag="043" ind1=" " ind2=" ">
            <subfield code="c">ES</subfield>
         </datafield>
         <datafield tag="110" ind1="2" ind2=" ">
            <subfield code="a">Arxiu Comarcal de l’Urgell (ACUR)</subfield>
            <subfield code="c">Tàrrega</subfield>
            <subfield code="g">E-TAR</subfield>
         </datafield>
         <datafield tag="410" ind1="2" ind2=" ">
            <subfield code="a">Arxiu Històric Comarcal de Tàrrega</subfield>
         </datafield>
         <datafield tag="622" ind1=" " ind2=" ">
            <subfield code="e">Arxiu Comarcal de l’Urgell (ACUR), Carrer de les Sitges, 4 i 6, 25300 Tàrrega, Spain</subfield>
            <subfield code="u">http://cultura.gencat.cat/arxius/acur</subfield>
         </datafield>
      </record>