
      <record>
         <leader>00000nz  a2200169   4500</leader>
         <controlfield tag="001">30001399</controlfield>
         <controlfield tag="003">RISM</controlfield>
         <controlfield tag="005">20160216</controlfield>
         <controlfield tag="008">160216n||az|||||||##########||||||||||||</controlfield>
         <datafield tag="040" ind1=" " ind2=" ">
            <subfield code="a">E-Tc</subfield>
         </datafield>
         <datafield tag="043" ind1=" " ind2=" ">
            <subfield code="c">XA-ES</subfield>
         </datafield>
         <datafield tag="110" ind1="2" ind2=" ">
            <subfield code="a">Archivo y Biblioteca Capitulares de la Catedral de Toledo</subfield>
            <subfield code="c">Toledo</subfield>
            <subfield code="g">E-Tc</subfield>
         </datafield>
         <datafield tag="622" ind1=" " ind2=" ">
            <subfield code="e">Archivo y Biblioteca Capitulares de la,  Catedral de Toledo, c/ Hombre de Palo, 2, 45001 Toledo, Spain</subfield>
            <subfield code="u">http://www.catedralprimada.es/archivo_capitular_informacion/</subfield>
         </datafield>
      </record>