
      <record>
         <leader>00000nz  a2200169   4500</leader>
         <controlfield tag="001">30005482</controlfield>
         <controlfield tag="003">RISM</controlfield>
         <controlfield tag="005">20160216</controlfield>
         <controlfield tag="008">160216n||az|||||||##########||||||||||||</controlfield>
         <datafield tag="040" ind1=" " ind2=" ">
            <subfield code="a">E-Td</subfield>
         </datafield>
         <datafield tag="043" ind1=" " ind2=" ">
            <subfield code="c">XA-ES</subfield>
         </datafield>
         <datafield tag="110" ind1="2" ind2=" ">
            <subfield code="a">Archivo Diocesano de Toledo</subfield>
            <subfield code="c">Toledo</subfield>
            <subfield code="g">E-Td</subfield>
         </datafield>
         <datafield tag="622" ind1=" " ind2=" ">
            <subfield code="e">Archivo Diocesano de Toledo, Arco de Palacio, 3, 45002 Toledo, Spain</subfield>
            <subfield code="u">http://censoarchivos.mcu.es/CensoGuia/archivodetail.htm?id=51675</subfield>
         </datafield>
      </record>