
      <record>
         <leader>00000nz  a2200169   4500</leader>
         <controlfield tag="001">30080166</controlfield>
         <controlfield tag="003">RISM</controlfield>
         <controlfield tag="005">20160216</controlfield>
         <controlfield tag="008">160216n||az|||||||##########||||||||||||</controlfield>
         <datafield tag="040" ind1=" " ind2=" ">
            <subfield code="a">E-TDS</subfield>
         </datafield>
         <datafield tag="043" ind1=" " ind2=" ">
            <subfield code="c">ES</subfield>
         </datafield>
         <datafield tag="110" ind1="2" ind2=" ">
            <subfield code="a">Real Monasterio de Santa Clara de Tordesillas</subfield>
            <subfield code="c">Tordesillas</subfield>
            <subfield code="g">E-TDS</subfield>
         </datafield>
         <datafield tag="622" ind1=" " ind2=" ">
            <subfield code="e">Real Monasterio de Santa Clara de,  Tordesillas, 47100 Tordesillas, Spain</subfield>
            <subfield code="u">http://www.patrimonionacional.es/real-sitio/monasterios/6193</subfield>
         </datafield>
      </record>