
      <record>
         <leader>00000nz  a2200169   4500</leader>
         <controlfield tag="001">30079068</controlfield>
         <controlfield tag="003">RISM</controlfield>
         <controlfield tag="005">20160216</controlfield>
         <controlfield tag="008">160216n||az|||||||##########||||||||||||</controlfield>
         <datafield tag="040" ind1=" " ind2=" ">
            <subfield code="a">E-TER</subfield>
         </datafield>
         <datafield tag="043" ind1=" " ind2=" ">
            <subfield code="c">ES</subfield>
         </datafield>
         <datafield tag="110" ind1="2" ind2=" ">
            <subfield code="a">Catedral-basílica del Sant Esperit de Terrassa. Arxiu</subfield>
            <subfield code="c">Terrassa</subfield>
            <subfield code="g">E-TER</subfield>
         </datafield>
         <datafield tag="622" ind1=" " ind2=" ">
            <subfield code="e">Catedral-basílica del Sant Esperit de,  Terrassa, Rectoria, 1, 08279 Terrassa, Spain</subfield>
            <subfield code="u">http://www.santesperit.org</subfield>
         </datafield>
      </record>