
      <record>
         <leader>00000nz  a2200169   4500</leader>
         <controlfield tag="001">30079294</controlfield>
         <controlfield tag="003">RISM</controlfield>
         <controlfield tag="005">20160216</controlfield>
         <controlfield tag="008">160216n||az|||||||##########||||||||||||</controlfield>
         <datafield tag="040" ind1=" " ind2=" ">
            <subfield code="a">E-Tm</subfield>
         </datafield>
         <datafield tag="043" ind1=" " ind2=" ">
            <subfield code="c">ES</subfield>
         </datafield>
         <datafield tag="110" ind1="2" ind2=" ">
            <subfield code="a">Museo de los Concilios y de la Cultura Visigoda</subfield>
            <subfield code="c">Toledo</subfield>
            <subfield code="g">E-Tm</subfield>
         </datafield>
      </record>