
      <record>
         <leader>00000nz  a2200169   4500</leader>
         <controlfield tag="001">30002975</controlfield>
         <controlfield tag="003">RISM</controlfield>
         <controlfield tag="005">20160216</controlfield>
         <controlfield tag="008">160216n||az|||||||##########||||||||||||</controlfield>
         <datafield tag="040" ind1=" " ind2=" ">
            <subfield code="a">E-TO</subfield>
         </datafield>
         <datafield tag="043" ind1=" " ind2=" ">
            <subfield code="c">XA-ES</subfield>
         </datafield>
         <datafield tag="110" ind1="2" ind2=" ">
            <subfield code="a">Arxiu de Música de la Catedral de Tortosa</subfield>
            <subfield code="c">Tortosa</subfield>
            <subfield code="g">E-TO</subfield>
         </datafield>
         <datafield tag="410" ind1="2" ind2=" ">
            <subfield code="a">Biblioteca Capitular de la Catedral</subfield>
         </datafield>
         <datafield tag="622" ind1=" " ind2=" ">
            <subfield code="e">Arxiu de Música de la Catedral de,  Tortosa, Portal de Palau, 5, 43500 Tortosa, Spain</subfield>
         </datafield>
      </record>