
      <record>
         <leader>00000nz  a2200169   4500</leader>
         <controlfield tag="001">30079221</controlfield>
         <controlfield tag="003">RISM</controlfield>
         <controlfield tag="005">20160216</controlfield>
         <controlfield tag="008">160216n||az|||||||##########||||||||||||</controlfield>
         <datafield tag="040" ind1=" " ind2=" ">
            <subfield code="a">E-TOR</subfield>
         </datafield>
         <datafield tag="043" ind1=" " ind2=" ">
            <subfield code="c">ES</subfield>
         </datafield>
         <datafield tag="110" ind1="2" ind2=" ">
            <subfield code="a">Museu de la Mediterrània. Centre de Documentació del Montgrí, Illes Medes i Baix Ter</subfield>
            <subfield code="c">Torroella de Montgrí</subfield>
            <subfield code="g">E-TOR</subfield>
         </datafield>
         <datafield tag="622" ind1=" " ind2=" ">
            <subfield code="e">Museu de la Mediterrània. Centre de,  Documentació del Montgrí, Illes Medes i,  Baix Ter, c. Ullà, 27-31, 17257 Torroella de Montgrí, Spain</subfield>
            <subfield code="u">http://www.museudelamediterrania.cat/centre-documentacio.html</subfield>
         </datafield>
      </record>