
      <record>
         <leader>00000nz  a2200169   4500</leader>
         <controlfield tag="001">30080186</controlfield>
         <controlfield tag="003">RISM</controlfield>
         <controlfield tag="005">20160216</controlfield>
         <controlfield tag="008">160216n||az|||||||##########||||||||||||</controlfield>
         <datafield tag="040" ind1=" " ind2=" ">
            <subfield code="a">E-TORRam</subfield>
         </datafield>
         <datafield tag="043" ind1=" " ind2=" ">
            <subfield code="c">ES</subfield>
         </datafield>
         <datafield tag="110" ind1="2" ind2=" ">
            <subfield code="a">Archivo Municipal de Torrevieja</subfield>
            <subfield code="c">Torrevieja</subfield>
            <subfield code="g">E-TORRam</subfield>
         </datafield>
         <datafield tag="622" ind1=" " ind2=" ">
            <subfield code="e">Archivo Municipal de Torrevieja, c/ Antonio Machado, 137, 03180 Torrevieja, Spain</subfield>
            <subfield code="u">http://www.torrevieja.es/sal/Ayuntamiento/archivo/archivo%20municipal/</subfield>
         </datafield>
      </record>