
      <record>
         <leader>00000nz  a2200169   4500</leader>
         <controlfield tag="001">30002972</controlfield>
         <controlfield tag="003">RISM</controlfield>
         <controlfield tag="005">20160216</controlfield>
         <controlfield tag="008">160216n||az|||||||##########||||||||||||</controlfield>
         <datafield tag="040" ind1=" " ind2=" ">
            <subfield code="a">E-Tp</subfield>
         </datafield>
         <datafield tag="043" ind1=" " ind2=" ">
            <subfield code="c">XA-ES</subfield>
         </datafield>
         <datafield tag="110" ind1="2" ind2=" ">
            <subfield code="a">Biblioteca de Castilla - La Mancha</subfield>
            <subfield code="c">Toledo</subfield>
            <subfield code="g">E-Tp</subfield>
         </datafield>
         <datafield tag="410" ind1="2" ind2=" ">
            <subfield code="a">Biblioteca Pública Provincial y Museo de la Santa Cruz</subfield>
         </datafield>
         <datafield tag="622" ind1=" " ind2=" ">
            <subfield code="e">Biblioteca de Castilla - La Mancha, Cuesta de Carlos V, s/n, 45001 Toledo, Spain</subfield>
            <subfield code="u">http://www.castillalamancha.es/biblioclm/la_biblioteca.asp</subfield>
         </datafield>
      </record>