
      <record>
         <leader>00000nz  a2200169   4500</leader>
         <controlfield tag="001">30001401</controlfield>
         <controlfield tag="003">RISM</controlfield>
         <controlfield tag="005">20160216</controlfield>
         <controlfield tag="008">160216n||az|||||||##########||||||||||||</controlfield>
         <datafield tag="040" ind1=" " ind2=" ">
            <subfield code="a">E-TU</subfield>
         </datafield>
         <datafield tag="043" ind1=" " ind2=" ">
            <subfield code="c">XA-ES</subfield>
         </datafield>
         <datafield tag="110" ind1="2" ind2=" ">
            <subfield code="a">Archivos Eclesiásticos y Biblioteca. Archivo Musical Catedralicio</subfield>
            <subfield code="c">Tudela</subfield>
            <subfield code="g">E-TU</subfield>
         </datafield>
         <datafield tag="410" ind1="2" ind2=" ">
            <subfield code="a">Archivo Capitular</subfield>
         </datafield>
         <datafield tag="622" ind1=" " ind2=" ">
            <subfield code="e">Archivos Eclesiásticos y Biblioteca.,  Archivo Musical Catedralicio, Palacio Decanal. Casa de la Iglesia, Plaza San Jaime, 2 – c/ Roso, 2, 31500 Tudela, Spain</subfield>
            <subfield code="u">http://www.palaciodecanaldetudela.com/palacio/archivos.html</subfield>
         </datafield>
      </record>