
      <record>
         <leader>00000nz  a2200169   4500</leader>
         <controlfield tag="001">30005834</controlfield>
         <controlfield tag="003">RISM</controlfield>
         <controlfield tag="005">20160216</controlfield>
         <controlfield tag="008">160216n||az|||||||##########||||||||||||</controlfield>
         <datafield tag="040" ind1=" " ind2=" ">
            <subfield code="a">E-TUY</subfield>
         </datafield>
         <datafield tag="043" ind1=" " ind2=" ">
            <subfield code="c">XA-ES</subfield>
         </datafield>
         <datafield tag="110" ind1="2" ind2=" ">
            <subfield code="a">Archivo Capitular de la Catedral de Tui</subfield>
            <subfield code="c">Tui</subfield>
            <subfield code="g">E-TUY</subfield>
         </datafield>
         <datafield tag="622" ind1=" " ind2=" ">
            <subfield code="e">Archivo Capitular de la Catedral de Tui, Pz. de San Fernando, s/n, 36700 Tui, Spain</subfield>
            <subfield code="u">http://www.diocesetuivigo.org/diocese/catedral.html</subfield>
         </datafield>
      </record>