
      <record>
         <leader>00000nz  a2200169   4500</leader>
         <controlfield tag="001">30001402</controlfield>
         <controlfield tag="003">RISM</controlfield>
         <controlfield tag="005">20160216</controlfield>
         <controlfield tag="008">160216n||az|||||||##########||||||||||||</controlfield>
         <datafield tag="040" ind1=" " ind2=" ">
            <subfield code="a">E-TZ</subfield>
         </datafield>
         <datafield tag="043" ind1=" " ind2=" ">
            <subfield code="c">XA-ES</subfield>
         </datafield>
         <datafield tag="110" ind1="2" ind2=" ">
            <subfield code="a">Archivo - Biblioteca Capitular de la Catedral de Tarazona</subfield>
            <subfield code="c">Tarazona</subfield>
            <subfield code="g">E-TZ</subfield>
         </datafield>
         <datafield tag="622" ind1=" " ind2=" ">
            <subfield code="e">Archivo - Biblioteca Capitular de la,  Catedral de Tarazona, c/ Iglesias, s/n, 50500 Tarazona, Spain</subfield>
            <subfield code="u">http://www.catedraldetarazona.es/</subfield>
         </datafield>
      </record>