
      <record>
         <leader>00000nz  a2200169   4500</leader>
         <controlfield tag="001">30006226</controlfield>
         <controlfield tag="003">RISM</controlfield>
         <controlfield tag="005">20160216</controlfield>
         <controlfield tag="008">160216n||az|||||||##########||||||||||||</controlfield>
         <datafield tag="040" ind1=" " ind2=" ">
            <subfield code="a">E-Ujd</subfield>
         </datafield>
         <datafield tag="043" ind1=" " ind2=" ">
            <subfield code="c">XA-ES</subfield>
         </datafield>
         <datafield tag="110" ind1="2" ind2=" ">
            <subfield code="a">Centro Etnográfico de Documentación. Fundación Joaquín Díaz</subfield>
            <subfield code="c">Urueña</subfield>
            <subfield code="g">E-Ujd</subfield>
         </datafield>
         <datafield tag="622" ind1=" " ind2=" ">
            <subfield code="e">Centro Etnográfico de Documentación.,  Fundación Joaquín Díaz, c/ Real, 4, 47862 Urueña</subfield>
            <subfield code="u">http://funjdiaz.net/</subfield>
         </datafield>
      </record>