
      <record>
         <leader>00000nz  a2200169   4500</leader>
         <controlfield tag="001">30080215</controlfield>
         <controlfield tag="003">RISM</controlfield>
         <controlfield tag="005">20160216</controlfield>
         <controlfield tag="008">160216n||az|||||||##########||||||||||||</controlfield>
         <datafield tag="040" ind1=" " ind2=" ">
            <subfield code="a">E-Umm</subfield>
         </datafield>
         <datafield tag="043" ind1=" " ind2=" ">
            <subfield code="c">ES</subfield>
         </datafield>
         <datafield tag="110" ind1="2" ind2=" ">
            <subfield code="a">Museo de la Música - Colección Luis Delgado</subfield>
            <subfield code="c">Urueña</subfield>
            <subfield code="g">E-Umm</subfield>
         </datafield>
         <datafield tag="622" ind1=" " ind2=" ">
            <subfield code="e">Museo de la Música - Colección Luis,  Delgado, c/ Catahuevos, 10, 47862 Urueña, Spain</subfield>
            <subfield code="u">http://www.luisdelgado.net/museo.htm</subfield>
         </datafield>
      </record>