
      <record>
         <leader>00000nz  a2200169   4500</leader>
         <controlfield tag="001">30079670</controlfield>
         <controlfield tag="003">RISM</controlfield>
         <controlfield tag="005">20160216</controlfield>
         <controlfield tag="008">160216n||az|||||||##########||||||||||||</controlfield>
         <datafield tag="040" ind1=" " ind2=" ">
            <subfield code="a">E-USR</subfield>
         </datafield>
         <datafield tag="043" ind1=" " ind2=" ">
            <subfield code="c">ES</subfield>
         </datafield>
         <datafield tag="110" ind1="2" ind2=" ">
            <subfield code="a">Euskomedia. Cancionero Vasco</subfield>
            <subfield code="c">Usurbil</subfield>
            <subfield code="g">E-USR</subfield>
         </datafield>
         <datafield tag="622" ind1=" " ind2=" ">
            <subfield code="e">Euskomedia. Cancionero Vasco, Eusko Ikaskuntza - Sociedad de Estudios,  Vascos, c/ Asteasuin 14, 20170  Usurbil, Spain</subfield>
            <subfield code="u">http://www.euskomedia.org/cancionero</subfield>
         </datafield>
      </record>