
      <record>
         <leader>00000nz  a2200169   4500</leader>
         <controlfield tag="001">30001403</controlfield>
         <controlfield tag="003">RISM</controlfield>
         <controlfield tag="005">20160216</controlfield>
         <controlfield tag="008">160216n||az|||||||##########||||||||||||</controlfield>
         <datafield tag="040" ind1=" " ind2=" ">
            <subfield code="a">E-V</subfield>
         </datafield>
         <datafield tag="043" ind1=" " ind2=" ">
            <subfield code="c">XA-ES</subfield>
         </datafield>
         <datafield tag="110" ind1="2" ind2=" ">
            <subfield code="a">Archivo Musical de la Catedral de Valladolid</subfield>
            <subfield code="c">Valladolid</subfield>
            <subfield code="g">E-V</subfield>
         </datafield>
         <datafield tag="622" ind1=" " ind2=" ">
            <subfield code="e">Archivo Musical de la Catedral de,  Valladolid, c/ Arribas, 1, 47002 Valladolid, Spain</subfield>
            <subfield code="u">http://www.archivalladolid.org/la_catedral_de_valladolid.htm#Archivo%20Musical</subfield>
         </datafield>
      </record>