
      <record>
         <leader>00000nz  a2200169   4500</leader>
         <controlfield tag="001">30003320</controlfield>
         <controlfield tag="003">RISM</controlfield>
         <controlfield tag="005">20160216</controlfield>
         <controlfield tag="008">160216n||az|||||||##########||||||||||||</controlfield>
         <datafield tag="040" ind1=" " ind2=" ">
            <subfield code="a">E-VAa</subfield>
         </datafield>
         <datafield tag="043" ind1=" " ind2=" ">
            <subfield code="c">XA-ES</subfield>
         </datafield>
         <datafield tag="110" ind1="2" ind2=" ">
            <subfield code="a">Arxiu Històric Municipal</subfield>
            <subfield code="c">València</subfield>
            <subfield code="g">E-VAa</subfield>
         </datafield>
         <datafield tag="410" ind1="2" ind2=" ">
            <subfield code="a">Archivo Municipal</subfield>
         </datafield>
         <datafield tag="622" ind1=" " ind2=" ">
            <subfield code="e">Arxiu Històric Municipal, Palau de Cervelló, pl. de Tetuan, 3, 46003 València, Spain</subfield>
            <subfield code="u">http://www.museosymonumentosvalencia.com/va/mes-cultura/arxiu-historic-municipal/</subfield>
         </datafield>
      </record>