
      <record>
         <leader>00000nz  a2200169   4500</leader>
         <controlfield tag="001">30070454</controlfield>
         <controlfield tag="003">RISM</controlfield>
         <controlfield tag="005">20160216</controlfield>
         <controlfield tag="008">160216n||az|||||||##########||||||||||||</controlfield>
         <datafield tag="040" ind1=" " ind2=" ">
            <subfield code="a">E-VAar</subfield>
         </datafield>
         <datafield tag="043" ind1=" " ind2=" ">
            <subfield code="c">XA-ES</subfield>
         </datafield>
         <datafield tag="110" ind1="2" ind2=" ">
            <subfield code="a">Arxiu del Regne de València</subfield>
            <subfield code="c">València</subfield>
            <subfield code="g">E-VAar</subfield>
         </datafield>
         <datafield tag="410" ind1="2" ind2=" ">
            <subfield code="a">Archivo del Reino de Valencia</subfield>
         </datafield>
         <datafield tag="622" ind1=" " ind2=" ">
            <subfield code="e">Arxiu del Regne de València, Passeig de la Albareda, 22, 46010 València, Spain</subfield>
            <subfield code="u">http://dglab.cult.gva.es/ArxiuRegne_v/index.htm</subfield>
         </datafield>
      </record>