
      <record>
         <leader>00000nz  a2200169   4500</leader>
         <controlfield tag="001">30079488</controlfield>
         <controlfield tag="003">RISM</controlfield>
         <controlfield tag="005">20160216</controlfield>
         <controlfield tag="008">160216n||az|||||||##########||||||||||||</controlfield>
         <datafield tag="040" ind1=" " ind2=" ">
            <subfield code="a">E-VAbmc</subfield>
         </datafield>
         <datafield tag="043" ind1=" " ind2=" ">
            <subfield code="c">ES</subfield>
         </datafield>
         <datafield tag="110" ind1="2" ind2=" ">
            <subfield code="a">Biblioteca Musical Compositores Valencianos</subfield>
            <subfield code="c">València</subfield>
            <subfield code="g">E-VAbmc</subfield>
         </datafield>
         <datafield tag="622" ind1=" " ind2=" ">
            <subfield code="e">Biblioteca Musical Compositores,  Valencianos, Pl. Maguncia, 1, 46018 València, Spain</subfield>
            <subfield code="u">http://www.valencia.es/ayuntamiento/ayuntamiento.nsf?OpenDatabase&amp;nivel=1&amp;lang=2</subfield>
         </datafield>
      </record>