
      <record>
         <leader>00000nz  a2200169   4500</leader>
         <controlfield tag="001">30070455</controlfield>
         <controlfield tag="003">RISM</controlfield>
         <controlfield tag="005">20160216</controlfield>
         <controlfield tag="008">160216n||az|||||||##########||||||||||||</controlfield>
         <datafield tag="040" ind1=" " ind2=" ">
            <subfield code="a">E-VAbv</subfield>
         </datafield>
         <datafield tag="043" ind1=" " ind2=" ">
            <subfield code="c">XA-ES</subfield>
         </datafield>
         <datafield tag="110" ind1="2" ind2=" ">
            <subfield code="a">Biblioteca Valenciana Nicolau Primitiu</subfield>
            <subfield code="c">València</subfield>
            <subfield code="g">E-VAbv</subfield>
         </datafield>
         <datafield tag="622" ind1=" " ind2=" ">
            <subfield code="e">Biblioteca Valenciana, Monestir Sant Miquel dels Reis, Avinguda de la Constitució, 284, 46019 València, Spain</subfield>
            <subfield code="u">http://bv.gva.es/screens/biblioteca_val.html</subfield>
         </datafield>
      </record>