
      <record>
         <leader>00000nz  a2200169   4500</leader>
         <controlfield tag="001">30001404</controlfield>
         <controlfield tag="003">RISM</controlfield>
         <controlfield tag="005">20160216</controlfield>
         <controlfield tag="008">160216n||az|||||||##########||||||||||||</controlfield>
         <datafield tag="040" ind1=" " ind2=" ">
            <subfield code="a">E-VAc</subfield>
         </datafield>
         <datafield tag="043" ind1=" " ind2=" ">
            <subfield code="c">XA-ES</subfield>
         </datafield>
         <datafield tag="110" ind1="2" ind2=" ">
            <subfield code="a">Archivo Musical de la Catedral de Valencia</subfield>
            <subfield code="c">València</subfield>
            <subfield code="g">E-VAc</subfield>
         </datafield>
         <datafield tag="622" ind1=" " ind2=" ">
            <subfield code="e">Archivo Musical de la Catedral de,  Valencia, Pl. de la Almoina, s/n, 46071 Valencia, Spain</subfield>
            <subfield code="u">http://www.catedraldevalencia.es/archivo_musical.php</subfield>
         </datafield>
      </record>