
      <record>
         <leader>00000nz  a2200169   4500</leader>
         <controlfield tag="001">30003321</controlfield>
         <controlfield tag="003">RISM</controlfield>
         <controlfield tag="005">20160216</controlfield>
         <controlfield tag="008">160216n||az|||||||##########||||||||||||</controlfield>
         <datafield tag="040" ind1=" " ind2=" ">
            <subfield code="a">E-VAcm</subfield>
         </datafield>
         <datafield tag="043" ind1=" " ind2=" ">
            <subfield code="c">XA-ES</subfield>
         </datafield>
         <datafield tag="110" ind1="2" ind2=" ">
            <subfield code="a">Conservatorio Superior Música Valencia “Joaquín Rodrigo”</subfield>
            <subfield code="c">València</subfield>
            <subfield code="g">E-VAcm</subfield>
         </datafield>
         <datafield tag="410" ind1="2" ind2=" ">
            <subfield code="a">Conservatorio Superior de Musica y Escuela de Arte Dramatico</subfield>
         </datafield>
         <datafield tag="622" ind1=" " ind2=" ">
            <subfield code="e">Conservatorio Superior Música Valencia,  “Joaquín Rodrigo”, C/Cinesta Ricardo Muñoz Suay, s/n., 46013 Valencia, Spain</subfield>
            <subfield code="u">http://csmvalencia.com/</subfield>
         </datafield>
      </record>