
      <record>
         <leader>00000nz  a2200169   4500</leader>
         <controlfield tag="001">30000073</controlfield>
         <controlfield tag="003">RISM</controlfield>
         <controlfield tag="005">20160216</controlfield>
         <controlfield tag="008">160216n||az|||||||##########||||||||||||</controlfield>
         <datafield tag="040" ind1=" " ind2=" ">
            <subfield code="a">E-VAcp</subfield>
         </datafield>
         <datafield tag="043" ind1=" " ind2=" ">
            <subfield code="c">XA-ES</subfield>
         </datafield>
         <datafield tag="110" ind1="2" ind2=" ">
            <subfield code="a">Archivo del Real Colegio-Seminario del Corpus Christi</subfield>
            <subfield code="c">València</subfield>
            <subfield code="g">E-VAcp</subfield>
         </datafield>
         <datafield tag="622" ind1=" " ind2=" ">
            <subfield code="e">Archivo del Real Colegio-Seminario del,  Corpus Christi, Iglesia del Patriarca, c/ de la Nau, 1, 46002 Valencia, Spain</subfield>
            <subfield code="u">http://www.seminariocorpuschristi.org/#!archivo-biblioteca/c1pkc</subfield>
         </datafield>
         <datafield tag="710" ind1="2" ind2=" ">
            <subfield code="a">Capilla de la Concepción</subfield>
            <subfield code="0">30076148</subfield>
         </datafield>
      </record>