
      <record>
         <leader>00000nz  a2200169   4500</leader>
         <controlfield tag="001">30003322</controlfield>
         <controlfield tag="003">RISM</controlfield>
         <controlfield tag="005">20160216</controlfield>
         <controlfield tag="008">160216n||az|||||||##########||||||||||||</controlfield>
         <datafield tag="040" ind1=" " ind2=" ">
            <subfield code="a">E-VAim</subfield>
         </datafield>
         <datafield tag="043" ind1=" " ind2=" ">
            <subfield code="c">XA-ES</subfield>
         </datafield>
         <datafield tag="110" ind1="2" ind2=" ">
            <subfield code="a">Instituto Valenciano de Musicología</subfield>
            <subfield code="c">València</subfield>
            <subfield code="g">E-VAim</subfield>
         </datafield>
         <datafield tag="410" ind1="2" ind2=" ">
            <subfield code="a">Instituto Alfonso el Magnanimo</subfield>
         </datafield>
         <datafield tag="622" ind1=" " ind2=" ">
            <subfield code="e">Instituto Valenciano de Musicología, Plaza Alfonso el Magnánimo 1, 46003 Valencia, Spain</subfield>
         </datafield>
      </record>