
      <record>
         <leader>00000nz  a2200169   4500</leader>
         <controlfield tag="001">30006228</controlfield>
         <controlfield tag="003">RISM</controlfield>
         <controlfield tag="005">20160216</controlfield>
         <controlfield tag="008">160216n||az|||||||##########||||||||||||</controlfield>
         <datafield tag="040" ind1=" " ind2=" ">
            <subfield code="a">E-VALm</subfield>
         </datafield>
         <datafield tag="043" ind1=" " ind2=" ">
            <subfield code="c">XA-ES</subfield>
         </datafield>
         <datafield tag="110" ind1="2" ind2=" ">
            <subfield code="a">Museo Chopin de Valldemosa. Celda nº 4</subfield>
            <subfield code="c">Valldemosa</subfield>
            <subfield code="g">E-VALm</subfield>
         </datafield>
         <datafield tag="410" ind1="2" ind2=" ">
            <subfield code="a">Museo de Fryderyk Chopin y George Sand</subfield>
         </datafield>
         <datafield tag="622" ind1=" " ind2=" ">
            <subfield code="e">Museo Chopin de Valldemosa. Celda nº 4, Cartuja de Valldemosa, 07170 Valldemosa, Spain</subfield>
            <subfield code="u">http://www.celdadechopin.es/</subfield>
         </datafield>
      </record>