
      <record>
         <leader>00000nz  a2200169   4500</leader>
         <controlfield tag="001">30079639</controlfield>
         <controlfield tag="003">RISM</controlfield>
         <controlfield tag="005">20160216</controlfield>
         <controlfield tag="008">160216n||az|||||||##########||||||||||||</controlfield>
         <datafield tag="040" ind1=" " ind2=" ">
            <subfield code="a">E-VAmi</subfield>
         </datafield>
         <datafield tag="043" ind1=" " ind2=" ">
            <subfield code="c">ES</subfield>
         </datafield>
         <datafield tag="110" ind1="2" ind2=" ">
            <subfield code="a">Arxiu de la Societat Coral El Micalet</subfield>
            <subfield code="c">València</subfield>
            <subfield code="g">E-VAmi</subfield>
         </datafield>
         <datafield tag="622" ind1=" " ind2=" ">
            <subfield code="e">Arxiu de la Societat Coral El Micalet, c/ Guillem de Castro, 73  B, 46008 València, Spain</subfield>
            <subfield code="u">http://www.scelmicalet.cat/</subfield>
         </datafield>
      </record>