
      <record>
         <leader>00000nz  a2200169   4500</leader>
         <controlfield tag="001">30006227</controlfield>
         <controlfield tag="003">RISM</controlfield>
         <controlfield tag="005">20160216</controlfield>
         <controlfield tag="008">160216n||az|||||||##########||||||||||||</controlfield>
         <datafield tag="040" ind1=" " ind2=" ">
            <subfield code="a">E-VAs</subfield>
         </datafield>
         <datafield tag="043" ind1=" " ind2=" ">
            <subfield code="c">XA-ES</subfield>
         </datafield>
         <datafield tag="110" ind1="2" ind2=" ">
            <subfield code="a">Fundació Salvador Seguí, Fonts Orals</subfield>
            <subfield code="c">València</subfield>
            <subfield code="g">E-VAs</subfield>
         </datafield>
         <datafield tag="410" ind1="2" ind2=" ">
            <subfield code="a">Archivo Sonoro de la Fundación Salvador Seguí</subfield>
         </datafield>
         <datafield tag="622" ind1=" " ind2=" ">
            <subfield code="e">Fundació Salvador Seguí, Fonts Orals, Apartat de Correus 402, 46080 València, Spain</subfield>
            <subfield code="u">http://www.fundacionssegui.org/ca/index.html</subfield>
         </datafield>
      </record>