
      <record>
         <leader>00000nz  a2200169   4500</leader>
         <controlfield tag="001">30005483</controlfield>
         <controlfield tag="003">RISM</controlfield>
         <controlfield tag="005">20160216</controlfield>
         <controlfield tag="008">160216n||az|||||||##########||||||||||||</controlfield>
         <datafield tag="040" ind1=" " ind2=" ">
            <subfield code="a">E-VAsa</subfield>
         </datafield>
         <datafield tag="043" ind1=" " ind2=" ">
            <subfield code="c">XA-ES</subfield>
         </datafield>
         <datafield tag="110" ind1="2" ind2=" ">
            <subfield code="a">Sociedad General de Autores y Editores (SGAE). Archivo</subfield>
            <subfield code="c">València</subfield>
            <subfield code="g">E-VAsa</subfield>
         </datafield>
         <datafield tag="622" ind1=" " ind2=" ">
            <subfield code="e">Sociedad General de Autores y Editores,  (SGAE). Archivo, c/ Blanquerías, 6, 46003 València, Spain</subfield>
            <subfield code="u">http://www.sgae.es/</subfield>
         </datafield>
      </record>