
      <record>
         <leader>00000nz  a2200169   4500</leader>
         <controlfield tag="001">30003323</controlfield>
         <controlfield tag="003">RISM</controlfield>
         <controlfield tag="005">20160216</controlfield>
         <controlfield tag="008">160216n||az|||||||##########||||||||||||</controlfield>
         <datafield tag="040" ind1=" " ind2=" ">
            <subfield code="a">E-VAu</subfield>
         </datafield>
         <datafield tag="043" ind1=" " ind2=" ">
            <subfield code="c">XA-ES</subfield>
         </datafield>
         <datafield tag="110" ind1="2" ind2=" ">
            <subfield code="a">Biblioteca General e Histórica de la Universidad de Valencia</subfield>
            <subfield code="c">València</subfield>
            <subfield code="g">E-VAu</subfield>
         </datafield>
         <datafield tag="410" ind1="2" ind2=" ">
            <subfield code="a">Biblioteca Universitaria</subfield>
         </datafield>
         <datafield tag="622" ind1=" " ind2=" ">
            <subfield code="e">Biblioteca General e Histórica de la,  Universidad de Valencia, La Nau, c/ Nau, 2, 46003 Valencia</subfield>
            <subfield code="u">http://www.uv.es/bibhi/bihi/valencia/vbib01.html</subfield>
         </datafield>
      </record>