
      <record>
         <leader>00000nz  a2200169   4500</leader>
         <controlfield tag="001">30002976</controlfield>
         <controlfield tag="003">RISM</controlfield>
         <controlfield tag="005">20160216</controlfield>
         <controlfield tag="008">160216n||az|||||||##########||||||||||||</controlfield>
         <datafield tag="040" ind1=" " ind2=" ">
            <subfield code="a">E-VI</subfield>
         </datafield>
         <datafield tag="043" ind1=" " ind2=" ">
            <subfield code="c">XA-ES</subfield>
         </datafield>
         <datafield tag="110" ind1="2" ind2=" ">
            <subfield code="a">Arxiu i Biblioteca Episcopal de Vic</subfield>
            <subfield code="c">Vic</subfield>
            <subfield code="g">E-VI</subfield>
         </datafield>
         <datafield tag="622" ind1=" " ind2=" ">
            <subfield code="e">Arxiu i Biblioteca Episcopal de Vic, Palacio Episcopal, c/ Santa Maria, 1, 08500 Vic, Spain</subfield>
            <subfield code="u">http://www.abev.net/</subfield>
         </datafield>
      </record>