
      <record>
         <leader>00000nz  a2200169   4500</leader>
         <controlfield tag="001">30076566</controlfield>
         <controlfield tag="003">RISM</controlfield>
         <controlfield tag="005">20160216</controlfield>
         <controlfield tag="008">160216n||az|||||||##########||||||||||||</controlfield>
         <datafield tag="040" ind1=" " ind2=" ">
            <subfield code="a">E-VIC</subfield>
         </datafield>
         <datafield tag="043" ind1=" " ind2=" ">
            <subfield code="c">XA-ES</subfield>
         </datafield>
         <datafield tag="110" ind1="2" ind2=" ">
            <subfield code="a">Colegiata de San Luis, Museo</subfield>
            <subfield code="c">Villagarcía de Campos</subfield>
            <subfield code="g">E-VIC</subfield>
         </datafield>
         <datafield tag="622" ind1=" " ind2=" ">
            <subfield code="e">Colegiata de San Luis, Museo, Calle San Luis 10, 47840 Villagarcía de Campos, Spain</subfield>
         </datafield>
      </record>