
      <record>
         <leader>00000nz  a2200169   4500</leader>
         <controlfield tag="001">30079069</controlfield>
         <controlfield tag="003">RISM</controlfield>
         <controlfield tag="005">20160216</controlfield>
         <controlfield tag="008">160216n||az|||||||##########||||||||||||</controlfield>
         <datafield tag="040" ind1=" " ind2=" ">
            <subfield code="a">E-VIP</subfield>
         </datafield>
         <datafield tag="043" ind1=" " ind2=" ">
            <subfield code="c">ES</subfield>
         </datafield>
         <datafield tag="110" ind1="2" ind2=" ">
            <subfield code="a">Centre de Documentació VINSEUM</subfield>
            <subfield code="c">Vilafranca del Penedès</subfield>
            <subfield code="g">E-VIP</subfield>
         </datafield>
         <datafield tag="410" ind1="2" ind2=" ">
            <subfield code="a">Centro de Documentación VINSEUM</subfield>
         </datafield>
         <datafield tag="410" ind1="2" ind2=" ">
            <subfield code="a">Arxiu Musical VINSEUM</subfield>
         </datafield>
         <datafield tag="622" ind1=" " ind2=" ">
            <subfield code="e">Centre de Documentació VINSEUM, Palma, 24, baixos, 08720  Vilafranca del Penedès, Spain</subfield>
            <subfield code="u">http://www.vinseum.cat</subfield>
         </datafield>
      </record>