
      <record>
         <leader>00000nz  a2200169   4500</leader>
         <controlfield tag="001">30079617</controlfield>
         <controlfield tag="003">RISM</controlfield>
         <controlfield tag="005">20160216</controlfield>
         <controlfield tag="008">160216n||az|||||||##########||||||||||||</controlfield>
         <datafield tag="040" ind1=" " ind2=" ">
            <subfield code="a">E-VIPac</subfield>
         </datafield>
         <datafield tag="043" ind1=" " ind2=" ">
            <subfield code="c">ES</subfield>
         </datafield>
         <datafield tag="110" ind1="2" ind2=" ">
            <subfield code="a">Arxiu Comarcal de l'Alt Penedès</subfield>
            <subfield code="c">Vilafranca del Penedès</subfield>
            <subfield code="g">E-VIPac</subfield>
         </datafield>
         <datafield tag="622" ind1=" " ind2=" ">
            <subfield code="e">Arxiu Comarcal de l'Alt Penedès, Av. d'Europa, 6, 08720 Vilafranca del Penedès, Spain</subfield>
            <subfield code="u">http://cultura.gencat.net/arxius/fitxa.asp?municipi=0&amp;comarca=03&amp;ARXIUS=comarcals&amp;</subfield>
         </datafield>
      </record>