
      <record>
         <leader>00000nz  a2200169   4500</leader>
         <controlfield tag="001">30005489</controlfield>
         <controlfield tag="003">RISM</controlfield>
         <controlfield tag="005">20160216</controlfield>
         <controlfield tag="008">160216n||az|||||||##########||||||||||||</controlfield>
         <datafield tag="040" ind1=" " ind2=" ">
            <subfield code="a">E-VIPsm</subfield>
         </datafield>
         <datafield tag="043" ind1=" " ind2=" ">
            <subfield code="c">XA-ES</subfield>
         </datafield>
         <datafield tag="110" ind1="2" ind2=" ">
            <subfield code="a">Parroquia de Santa María, Archivo</subfield>
            <subfield code="c">Vilafranca del Penedès</subfield>
            <subfield code="g">E-VIPsm</subfield>
         </datafield>
         <datafield tag="580" ind1=" " ind2=" ">
            <subfield code="x">E-VIPac</subfield>
            <subfield code="0">30079617</subfield>
         </datafield>
      </record>