
      <record>
         <leader>00000nz  a2200169   4500</leader>
         <controlfield tag="001">30003324</controlfield>
         <controlfield tag="003">RISM</controlfield>
         <controlfield tag="005">20160216</controlfield>
         <controlfield tag="008">160216n||az|||||||##########||||||||||||</controlfield>
         <datafield tag="040" ind1=" " ind2=" ">
            <subfield code="a">E-VIT</subfield>
         </datafield>
         <datafield tag="043" ind1=" " ind2=" ">
            <subfield code="c">XA-ES</subfield>
         </datafield>
         <datafield tag="110" ind1="2" ind2=" ">
            <subfield code="a">Archivo Histórico Diocesano de Vitoria</subfield>
            <subfield code="c">Vitoria-Gasteiz</subfield>
            <subfield code="g">E-VIT</subfield>
         </datafield>
         <datafield tag="410" ind1="2" ind2=" ">
            <subfield code="a">Catedral</subfield>
         </datafield>
         <datafield tag="622" ind1=" " ind2=" ">
            <subfield code="e">Archivo Histórico Diocesano de Vitoria, c/ Beato Tomás Zumárraga, 67, 01008 Vitoria-Gasteiz, Spain</subfield>
            <subfield code="u">http://www.ahdv-geah.org/</subfield>
         </datafield>
      </record>