
      <record>
         <leader>00000nz  a2200169   4500</leader>
         <controlfield tag="001">30006230</controlfield>
         <controlfield tag="003">RISM</controlfield>
         <controlfield tag="005">20160216</controlfield>
         <controlfield tag="008">160216n||az|||||||##########||||||||||||</controlfield>
         <datafield tag="040" ind1=" " ind2=" ">
            <subfield code="a">E-VITc</subfield>
         </datafield>
         <datafield tag="043" ind1=" " ind2=" ">
            <subfield code="c">XA-ES</subfield>
         </datafield>
         <datafield tag="110" ind1="2" ind2=" ">
            <subfield code="a">Conservatorio de Música Jesús Guridi. Biblioteca</subfield>
            <subfield code="c">Vitoria-Gasteiz</subfield>
            <subfield code="g">E-VITc</subfield>
         </datafield>
         <datafield tag="622" ind1=" " ind2=" ">
            <subfield code="e">Conservatorio de Música Jesús Guridi.,  Biblioteca, Pza. de la Constitución, 9, 01009 Vitoria-Gasteiz, Spain</subfield>
            <subfield code="u">http://www.conservatoriovitoria.com/es/index.php</subfield>
         </datafield>
      </record>