
      <record>
         <leader>00000nz  a2200169   4500</leader>
         <controlfield tag="001">30079614</controlfield>
         <controlfield tag="003">RISM</controlfield>
         <controlfield tag="005">20160216</controlfield>
         <controlfield tag="008">160216n||az|||||||##########||||||||||||</controlfield>
         <datafield tag="040" ind1=" " ind2=" ">
            <subfield code="a">E-VLB</subfield>
         </datafield>
         <datafield tag="043" ind1=" " ind2=" ">
            <subfield code="c">ES</subfield>
         </datafield>
         <datafield tag="110" ind1="2" ind2=" ">
            <subfield code="a">Monestir de Santa Maria de Vallbona</subfield>
            <subfield code="c">Vallbona de Les Monges</subfield>
            <subfield code="g">E-VLB</subfield>
         </datafield>
         <datafield tag="622" ind1=" " ind2=" ">
            <subfield code="e">Monestir de Santa Maria de Vallbona, c/ Mayor s/n, 25268 Vallbona de Les Monges, Spain</subfield>
            <subfield code="u">http://www.monestirvallbona.cat/es</subfield>
         </datafield>
      </record>