
      <record>
         <leader>00000nz  a2200169   4500</leader>
         <controlfield tag="001">30079674</controlfield>
         <controlfield tag="003">RISM</controlfield>
         <controlfield tag="005">20160216</controlfield>
         <controlfield tag="008">160216n||az|||||||##########||||||||||||</controlfield>
         <datafield tag="040" ind1=" " ind2=" ">
            <subfield code="a">E-VLDs</subfield>
         </datafield>
         <datafield tag="043" ind1=" " ind2=" ">
            <subfield code="c">ES</subfield>
         </datafield>
         <datafield tag="110" ind1="2" ind2=" ">
            <subfield code="a">Seminario Diocesano. Santa María de Valdediós</subfield>
            <subfield code="c">Valdediós (Villaviciosa)</subfield>
            <subfield code="g">E-VLDs</subfield>
         </datafield>
         <datafield tag="622" ind1=" " ind2=" ">
            <subfield code="e">Seminario Diocesano. Santa María de,  Valdediós, 33312  Valdediós (Villaviciosa), Spain</subfield>
         </datafield>
      </record>