
      <record>
         <leader>00000nz  a2200169   4500</leader>
         <controlfield tag="001">30079615</controlfield>
         <controlfield tag="003">RISM</controlfield>
         <controlfield tag="005">20160216</controlfield>
         <controlfield tag="008">160216n||az|||||||##########||||||||||||</controlfield>
         <datafield tag="040" ind1=" " ind2=" ">
            <subfield code="a">E-VLL</subfield>
         </datafield>
         <datafield tag="043" ind1=" " ind2=" ">
            <subfield code="c">ES</subfield>
         </datafield>
         <datafield tag="110" ind1="2" ind2=" ">
            <subfield code="a">Institut d' Estudis Vallencs</subfield>
            <subfield code="c">Valls</subfield>
            <subfield code="g">E-VLL</subfield>
         </datafield>
         <datafield tag="622" ind1=" " ind2=" ">
            <subfield code="e">Institut d' Estudis Vallencs, c/ Jaume Huguet, 1, 43800 Valls, Spain</subfield>
            <subfield code="u">http://www.iev.cat/</subfield>
         </datafield>
      </record>