
      <record>
         <leader>00000nz  a2200169   4500</leader>
         <controlfield tag="001">30079070</controlfield>
         <controlfield tag="003">RISM</controlfield>
         <controlfield tag="005">20160216</controlfield>
         <controlfield tag="008">160216n||az|||||||##########||||||||||||</controlfield>
         <datafield tag="040" ind1=" " ind2=" ">
            <subfield code="a">E-VN</subfield>
         </datafield>
         <datafield tag="043" ind1=" " ind2=" ">
            <subfield code="c">ES</subfield>
         </datafield>
         <datafield tag="110" ind1="2" ind2=" ">
            <subfield code="a">Arxiu de l’Església Parroquial de Santa Maria de la Geltrú</subfield>
            <subfield code="c">Vilanova i la Geltrú</subfield>
            <subfield code="g">E-VN</subfield>
         </datafield>
         <datafield tag="410" ind1="2" ind2=" ">
            <subfield code="a">Archivo de la Iglesia Parroquial de Santa Maria de la Geltrú</subfield>
         </datafield>
         <datafield tag="622" ind1=" " ind2=" ">
            <subfield code="e">Arxiu de l’Església Parroquial de Santa,  Maria de la Geltrú, Plaça de l’Assumpció, 1, 08800 Vilanova i la Geltrú, Spain</subfield>
         </datafield>
      </record>