
      <record>
         <leader>00000nz  a2200169   4500</leader>
         <controlfield tag="001">30079071</controlfield>
         <controlfield tag="003">RISM</controlfield>
         <controlfield tag="005">20160216</controlfield>
         <controlfield tag="008">160216n||az|||||||##########||||||||||||</controlfield>
         <datafield tag="040" ind1=" " ind2=" ">
            <subfield code="a">E-VNb</subfield>
         </datafield>
         <datafield tag="043" ind1=" " ind2=" ">
            <subfield code="c">ES</subfield>
         </datafield>
         <datafield tag="110" ind1="2" ind2=" ">
            <subfield code="a">Museu Víctor Balaguer. Biblioteca</subfield>
            <subfield code="c">Vilanova i la Geltrú</subfield>
            <subfield code="g">E-VNb</subfield>
         </datafield>
         <datafield tag="622" ind1=" " ind2=" ">
            <subfield code="e">Museu Víctor Balaguer. Biblioteca, Av. Víctor Balaguer s/n, 08800 Vilanova i la Geltrú, Spain</subfield>
            <subfield code="u">http://www.victorbalaguer.cat</subfield>
         </datafield>
      </record>