
      <record>
         <leader>00000nz  a2200169   4500</leader>
         <controlfield tag="001">30003319</controlfield>
         <controlfield tag="003">RISM</controlfield>
         <controlfield tag="005">20160216</controlfield>
         <controlfield tag="008">160216n||az|||||||##########||||||||||||</controlfield>
         <datafield tag="040" ind1=" " ind2=" ">
            <subfield code="a">E-Vp</subfield>
         </datafield>
         <datafield tag="043" ind1=" " ind2=" ">
            <subfield code="c">XA-ES</subfield>
         </datafield>
         <datafield tag="110" ind1="2" ind2=" ">
            <subfield code="a">Parroquia de Santiago, Archivo</subfield>
            <subfield code="c">Valladolid</subfield>
            <subfield code="g">E-Vp</subfield>
         </datafield>
         <datafield tag="410" ind1="2" ind2=" ">
            <subfield code="a">Iglesia de Santiago</subfield>
         </datafield>
         <datafield tag="622" ind1=" " ind2=" ">
            <subfield code="e">Parroquia de Santiago, Archivo, Calle Atrio de Santiago, 2, 47001 Valladolid, Spain</subfield>
         </datafield>
      </record>