
      <record>
         <leader>00000nz  a2200169   4500</leader>
         <controlfield tag="001">30080178</controlfield>
         <controlfield tag="003">RISM</controlfield>
         <controlfield tag="005">20160216</controlfield>
         <controlfield tag="008">160216n||az|||||||##########||||||||||||</controlfield>
         <datafield tag="040" ind1=" " ind2=" ">
            <subfield code="a">E-VR</subfield>
         </datafield>
         <datafield tag="043" ind1=" " ind2=" ">
            <subfield code="c">ES</subfield>
         </datafield>
         <datafield tag="110" ind1="2" ind2=" ">
            <subfield code="a">Arxiu Municipal de Vila-real</subfield>
            <subfield code="c">Vila-real</subfield>
            <subfield code="g">E-VR</subfield>
         </datafield>
         <datafield tag="622" ind1=" " ind2=" ">
            <subfield code="e">Arxiu Municipal de Vila-real, Av. Murà, 14, 12540 Vila-real, Spain</subfield>
            <subfield code="u">http://www.amvila-real.es/es/amv</subfield>
         </datafield>
      </record>