
      <record>
         <leader>00000nz  a2200169   4500</leader>
         <controlfield tag="001">30079596</controlfield>
         <controlfield tag="003">RISM</controlfield>
         <controlfield tag="005">20160216</controlfield>
         <controlfield tag="008">160216n||az|||||||##########||||||||||||</controlfield>
         <datafield tag="040" ind1=" " ind2=" ">
            <subfield code="a">E-Vrc</subfield>
         </datafield>
         <datafield tag="043" ind1=" " ind2=" ">
            <subfield code="c">ES</subfield>
         </datafield>
         <datafield tag="110" ind1="2" ind2=" ">
            <subfield code="a">Archivo de la Real Chancillería de Valladolid</subfield>
            <subfield code="c">Valladolid</subfield>
            <subfield code="g">E-Vrc</subfield>
         </datafield>
         <datafield tag="622" ind1=" " ind2=" ">
            <subfield code="e">Archivo de la Real Chancillería de,  Valladolid, c/ Chancillería, 4, 47003 Valladolid, Spain</subfield>
            <subfield code="u">http://www.mecd.gob.es/portada-mecd/</subfield>
         </datafield>
      </record>