
      <record>
         <leader>00000nz  a2200169   4500</leader>
         <controlfield tag="001">30079640</controlfield>
         <controlfield tag="003">RISM</controlfield>
         <controlfield tag="005">20160216</controlfield>
         <controlfield tag="008">160216n||az|||||||##########||||||||||||</controlfield>
         <datafield tag="040" ind1=" " ind2=" ">
            <subfield code="a">E-VRft</subfield>
         </datafield>
         <datafield tag="043" ind1=" " ind2=" ">
            <subfield code="c">ES</subfield>
         </datafield>
         <datafield tag="110" ind1="2" ind2=" ">
            <subfield code="a">Museu de la Ciutat Casa de Polo. Legado Francisco Tárrega</subfield>
            <subfield code="c">Vila-real</subfield>
            <subfield code="g">E-VRft</subfield>
         </datafield>
         <datafield tag="622" ind1=" " ind2=" ">
            <subfield code="e">Museu de la Ciutat Casa de Polo. Legado,  Francisco Tárrega, c/ Joan Fuster, 33, 12540 Vila-real, Spain</subfield>
            <subfield code="u">http://www.vila-real.es/portal/p_1_principal1.jsp?codResi=1&amp;language=ca</subfield>
         </datafield>
      </record>