
      <record>
         <leader>00000nz  a2200169   4500</leader>
         <controlfield tag="001">30080167</controlfield>
         <controlfield tag="003">RISM</controlfield>
         <controlfield tag="005">20160216</controlfield>
         <controlfield tag="008">160216n||az|||||||##########||||||||||||</controlfield>
         <datafield tag="040" ind1=" " ind2=" ">
            <subfield code="a">E-Vsc</subfield>
         </datafield>
         <datafield tag="043" ind1=" " ind2=" ">
            <subfield code="c">ES</subfield>
         </datafield>
         <datafield tag="110" ind1="2" ind2=" ">
            <subfield code="a">Biblioteca Histórica de Santa Cruz</subfield>
            <subfield code="c">Valladolid</subfield>
            <subfield code="g">E-Vsc</subfield>
         </datafield>
         <datafield tag="622" ind1=" " ind2=" ">
            <subfield code="e">Biblioteca Histórica de Santa Cruz, Universidad de Valladolid, Pl. Santa Cruz, 8, 47002 Valladolid, Spain</subfield>
         </datafield>
      </record>