
      <record>
         <leader>00000nz  a2200169   4500</leader>
         <controlfield tag="001">30079677</controlfield>
         <controlfield tag="003">RISM</controlfield>
         <controlfield tag="005">20160216</controlfield>
         <controlfield tag="008">160216n||az|||||||##########||||||||||||</controlfield>
         <datafield tag="040" ind1=" " ind2=" ">
            <subfield code="a">E-XAT</subfield>
         </datafield>
         <datafield tag="043" ind1=" " ind2=" ">
            <subfield code="c">ES</subfield>
         </datafield>
         <datafield tag="110" ind1="2" ind2=" ">
            <subfield code="a">Colegiata Basílica de Santa María</subfield>
            <subfield code="c">Xàtiva</subfield>
            <subfield code="g">E-XAT</subfield>
         </datafield>
         <datafield tag="622" ind1=" " ind2=" ">
            <subfield code="e">Colegiata Basílica de Santa María, Pza. Calixto III, 6, 46800  Xàtiva, Spain</subfield>
            <subfield code="u">http://www.seudexativa.org/index.php/archivo?showall=&amp;limitstart</subfield>
         </datafield>
      </record>