
      <record>
         <leader>00000nz  a2200169   4500</leader>
         <controlfield tag="001">30001405</controlfield>
         <controlfield tag="003">RISM</controlfield>
         <controlfield tag="005">20160216</controlfield>
         <controlfield tag="008">160216n||az|||||||##########||||||||||||</controlfield>
         <datafield tag="040" ind1=" " ind2=" ">
            <subfield code="a">E-Zac</subfield>
         </datafield>
         <datafield tag="043" ind1=" " ind2=" ">
            <subfield code="c">XA-ES</subfield>
         </datafield>
         <datafield tag="110" ind1="2" ind2=" ">
            <subfield code="a">Archivo de Música de las Catedrales de Zaragoza. Archivos Catedralicios (El Pilar y La Seo)</subfield>
            <subfield code="c">Zaragoza</subfield>
            <subfield code="g">E-Zac</subfield>
         </datafield>
         <datafield tag="410" ind1="2" ind2=" ">
            <subfield code="a">Biblioteca Capitular de la Seo</subfield>
         </datafield>
         <datafield tag="410" ind1="2" ind2=" ">
            <subfield code="a">Archivo musical de El Pilar</subfield>
         </datafield>
         <datafield tag="410" ind1="2" ind2=" ">
            <subfield code="a">Cabildo de la Séo</subfield>
         </datafield>
         <datafield tag="410" ind1="2" ind2=" ">
            <subfield code="a">Archivo Musical de los Cabildos</subfield>
         </datafield>
         <datafield tag="410" ind1="2" ind2=" ">
            <subfield code="a">Archivo de Música del Cabildo</subfield>
         </datafield>
         <datafield tag="622" ind1=" " ind2=" ">
            <subfield code="e">Archivo de Música de las Catedrales de,  Zaragoza. Archivos Catedralicios (El,  Pilar y La Seo), Sala de Banderas. Templo del Pilar, Pz. del Pilar, s/n, 50001 Zaragoza, Spain</subfield>
            <subfield code="u">http://www.basilicadelpilar.es/archivos.reg.pdf</subfield>
         </datafield>
      </record>