
      <record>
         <leader>00000nz  a2200169   4500</leader>
         <controlfield tag="001">30080162</controlfield>
         <controlfield tag="003">RISM</controlfield>
         <controlfield tag="005">20160216</controlfield>
         <controlfield tag="008">160216n||az|||||||##########||||||||||||</controlfield>
         <datafield tag="040" ind1=" " ind2=" ">
            <subfield code="a">E-ZAcfm</subfield>
         </datafield>
         <datafield tag="043" ind1=" " ind2=" ">
            <subfield code="c">ES</subfield>
         </datafield>
         <datafield tag="110" ind1="2" ind2=" ">
            <subfield code="a">Consorcio de Fomento Musical de Zamora</subfield>
            <subfield code="c">Zamora</subfield>
            <subfield code="g">E-ZAcfm</subfield>
         </datafield>
         <datafield tag="622" ind1=" " ind2=" ">
            <subfield code="e">Consorcio de Fomento Musical de Zamora, Av. Plaza de Toros, 1, 49007 Zamora, Spain</subfield>
            <subfield code="u">http://www.fomentomusical.org/</subfield>
         </datafield>
      </record>