
      <record>
         <leader>00000nz  a2200169   4500</leader>
         <controlfield tag="001">30001406</controlfield>
         <controlfield tag="003">RISM</controlfield>
         <controlfield tag="005">20160216</controlfield>
         <controlfield tag="008">160216n||az|||||||##########||||||||||||</controlfield>
         <datafield tag="040" ind1=" " ind2=" ">
            <subfield code="a">E-Zcc</subfield>
         </datafield>
         <datafield tag="043" ind1=" " ind2=" ">
            <subfield code="c">XA-ES</subfield>
         </datafield>
         <datafield tag="110" ind1="2" ind2=" ">
            <subfield code="a">Colegio de las Escuelas Pías de San José de Calasanz, Biblioteca</subfield>
            <subfield code="c">Zaragoza</subfield>
            <subfield code="g">E-Zcc</subfield>
         </datafield>
         <datafield tag="410" ind1="2" ind2=" ">
            <subfield code="a">Colegio Calasanci</subfield>
         </datafield>
         <datafield tag="410" ind1="2" ind2=" ">
            <subfield code="a">Colegio Calasancio, Biblioteca</subfield>
         </datafield>
         <datafield tag="410" ind1="2" ind2=" ">
            <subfield code="a">Escolapios</subfield>
         </datafield>
         <datafield tag="622" ind1=" " ind2=" ">
            <subfield code="e">Colegio de las Escuelas Pías de San José,  de Calasanz, Biblioteca, c/ Conde de Aranda 2, 50003 Zaragoza, Spain</subfield>
         </datafield>
      </record>