
      <record>
         <leader>00000nz  a2200169   4500</leader>
         <controlfield tag="001">30002977</controlfield>
         <controlfield tag="003">RISM</controlfield>
         <controlfield tag="005">20160216</controlfield>
         <controlfield tag="008">160216n||az|||||||##########||||||||||||</controlfield>
         <datafield tag="040" ind1=" " ind2=" ">
            <subfield code="a">E-Zfm</subfield>
         </datafield>
         <datafield tag="043" ind1=" " ind2=" ">
            <subfield code="c">XA-ES</subfield>
         </datafield>
         <datafield tag="110" ind1="2" ind2=" ">
            <subfield code="a">Biblioteca de la Universidad de Zaragoza, Biblioteca Biomédica</subfield>
            <subfield code="c">Zaragoza</subfield>
            <subfield code="g">E-Zfm</subfield>
         </datafield>
         <datafield tag="410" ind1="2" ind2=" ">
            <subfield code="a">Facultad de Medicina</subfield>
         </datafield>
         <datafield tag="622" ind1=" " ind2=" ">
            <subfield code="e">Biblioteca de la Universidad de,  Zaragoza, Biblioteca Biomédica, Facultad de Medicina, Domingo Miral, s/n, 50009 Zaragoza, Spain</subfield>
            <subfield code="u">http://biblioteca.unizar.es/index.php</subfield>
         </datafield>
      </record>