
      <record>
         <leader>00000nz  a2200169   4500</leader>
         <controlfield tag="001">30079574</controlfield>
         <controlfield tag="003">RISM</controlfield>
         <controlfield tag="005">20160216</controlfield>
         <controlfield tag="008">160216n||az|||||||##########||||||||||||</controlfield>
         <datafield tag="040" ind1=" " ind2=" ">
            <subfield code="a">E-Zh</subfield>
         </datafield>
         <datafield tag="043" ind1=" " ind2=" ">
            <subfield code="c">ES</subfield>
         </datafield>
         <datafield tag="110" ind1="2" ind2=" ">
            <subfield code="a">Archivo Histórico Provincial de Zaragoza</subfield>
            <subfield code="c">Zaragoza</subfield>
            <subfield code="g">E-Zh</subfield>
         </datafield>
         <datafield tag="622" ind1=" " ind2=" ">
            <subfield code="e">Archivo Histórico Provincial de Zaragoza, Palacio de Gabarda, c/ Diego Dormer, 6-8, 50001 Zaragoza, Spain</subfield>
            <subfield code="u">http://www.patrimonioculturaldearagon.es/archivo-historico-provincial-de-zaragoza</subfield>
         </datafield>
      </record>