
      <record>
         <leader>00000nz  a2200169   4500</leader>
         <controlfield tag="001">30001407</controlfield>
         <controlfield tag="003">RISM</controlfield>
         <controlfield tag="005">20160216</controlfield>
         <controlfield tag="008">160216n||az|||||||##########||||||||||||</controlfield>
         <datafield tag="040" ind1=" " ind2=" ">
            <subfield code="a">E-Zsc</subfield>
         </datafield>
         <datafield tag="043" ind1=" " ind2=" ">
            <subfield code="c">XA-ES</subfield>
         </datafield>
         <datafield tag="110" ind1="2" ind2=" ">
            <subfield code="a">Seminario de San Carlos Borromeo</subfield>
            <subfield code="c">Zaragoza</subfield>
            <subfield code="g">E-Zsc</subfield>
         </datafield>
         <datafield tag="410" ind1="2" ind2=" ">
            <subfield code="a">Real Seminario Sacerdotal de San Carlos</subfield>
         </datafield>
         <datafield tag="622" ind1=" " ind2=" ">
            <subfield code="e">Seminario de San Carlos Borromeo, Plaza de San Carlos, 5, 50001 Zaragoza, Spain</subfield>
         </datafield>
      </record>